2703 3485
280 259 389 331 >quo
421 237 546 331 quod
570 273 743 321 Maius
758 273 871 320 duas
901 273 1092 333 paginas
1124 280 1245 332 post
1256 237 1492 319 Manilium
1520 250 1774 318 desiderari
1807 277 2049 330 testatur,
2058 247 2213 319 tenor

302 349 514 394 orationis
544 349 784 394 Laelianae
814 364 904 394 non
933 349 1066 408 plane
1097 349 1359 394 obscuratus
1390 353 1482 404 est,
1519 361 1650 406 quem
1680 348 1719 393 si
1750 345 2015 405 quibusdam
2043 338 2253 395 tenuibus
2281 323 2408 394 lineis

300 424 564 471 adumbrare
595 426 715 482 licet,
743 426 832 471 hoc
860 426 952 470 fere
983 425 1115 470 modo
1136 425 1416 470 simulacrum
1438 424 1741 469 continuitatis
1762 439 1919 483 parare
1939 425 2100 483 possis.
2148 441 2238 471 non
2269 424 2408 471 audeo

299 503 357 545 ad
387 504 489 557 ista,
511 502 680 560 Scipio,
710 502 856 546 dicere
887 516 1030 559 neque
1059 508 1148 545 tam
1170 508 1215 545 te
1248 507 1325 545 aut
1344 502 1520 546 Philum
1552 506 1629 544 aut
1648 500 1879 544 Manilium
1912 501 2256 561 [reprehendere
2276 517 2406 560 quam

299 579 535 623 admonere
556 572 834 623 Tuberonem
868 580 1012 635 cupio,
1044 594 1100 622 ne
1122 593 1221 622 cum
1243 579 1501 622 adulescens
1532 579 1605 633 sit,
1635 578 1770 621 nimio
1801 577 1958 621 ardore
1989 578 2047 621 ad
2076 580 2153 623 illa
2184 578 2232 624 se
2262 578 2409 624 studia

300 655 377 698 det
407 671 562 712 parum
592 656 795 699 utilitatis
826 654 1051 708 habitura,
1090 654 1225 711 idque
1257 669 1356 697 cum
1393 655 1518 697 multi
1550 655 1789 708 senserint,
1828 655 1940 713 tum]
1979 654 2025 697 in
2054 655 2193 713 ipsius
2224 661 2434 714 paterno.

301 747 462 791 genere
493 731 592 776 fuit'
623 748 716 789 eqs.
768 731 960 776 Versum
993 732 1069 788 qui
1098 731 1346 789 insequitur
1374 731 1510 775 Ennii
1539 731 1750 776 Dobraeo
1792 737 1972 775 auctore
2012 731 2206 788 (advers.
2247 740 2351 776 tom.
2372 745 2409 775 11

299 809 407 866 377)
439 808 643 852 Halmius
678 814 721 852 et
749 807 976 862 Baiterus,
1015 807 1219 852 Halmius
1257 813 1485 865 praeterea
1522 806 1579 851 ad
1611 806 1804 852 eiusdem
1837 806 2033 851 Dobraei
2069 815 2260 853 mentem
2289 816 2409 852 catus

297 884 561 929 vocabulum
593 883 881 938 induxerunt,
912 888 957 927 et
988 882 1197 928 Osannus
1229 898 1277 927 se
1310 883 1458 927 mirari
1490 881 1659 939 scribit,
1698 888 1788 927 tam
1818 882 2038 942 patienter
2068 884 2267 942 potuisse
2297 883 2408 929 tole-

297 961 387 1005 rari
419 961 474 1005 ab
508 960 750 1005 editoribus
782 975 980 1017 versum,
1020 976 1152 1020 quem
1189 961 1334 1019 inepte
1376 965 1420 1005 'et
1456 961 1510 1006 ab
1550 960 1701 1019 inepto
1733 959 1909 1006 homine
1940 960 2248 1020 interpositum
2280 959 2408 1007 Cice-

295 1039 416 1081 ronis
450 1039 588 1082 oratio
618 1039 887 1096 patefaceret
916 1038 1050 1081 Ennii
1082 1038 1247 1082 scilicet
1277 1038 1413 1081 verba
1452 1037 1640 1082 absurde
1679 1037 1932 1095 repetentis.
1986 1038 2050 1082 At
2078 1053 2160 1083 nos
2202 1038 2407 1082 miramur

299 1114 520 1169 extitisse,
560 1116 636 1172 qui
678 1114 789 1158 adeo
830 1130 856 1158 a
898 1113 1125 1158 Ciceronis
1165 1113 1298 1158 modo
1337 1121 1381 1158 et
1421 1130 1540 1159 more
1580 1114 1826 1170 deerraret,
1866 1119 1917 1158 ut
1954 1130 2130 1160 versum
2176 1121 2326 1174 aptum
2365 1120 2409 1159 et

295 1191 591 1235 necessarium
621 1206 758 1249 prava
790 1191 1022 1235 sedulitate
1061 1191 1294 1248 appictum.
1320 1206 1417 1235 esse
1450 1192 1638 1235 animum
1671 1190 1908 1235 induceret.
1973 1191 2035 1236 Et
2066 1192 2274 1237 Dobraeo
2313 1191 2408 1249 qui-

295 1267 395 1310 dem
426 1268 512 1311 hoc
542 1268 671 1311 facile
704 1268 980 1311 condonatur
1018 1269 1093 1324 qui
1134 1268 1324 1311 subitam
1356 1269 1654 1324 opinationem
1695 1275 1745 1310 ut
1774 1269 1825 1311 fit
1873 1269 2059 1327 margini
2100 1270 2200 1314 libri
2239 1270 2306 1313 sui
2345 1268 2407 1311 al-

292 1345 481 1388 leverat:
517 1346 663 1388 eximii
693 1345 777 1409 viri
808 1360 1001 1388 errorem
1024 1345 1303 1388 manifestum
1324 1345 1562 1403 propagari
1593 1351 1638 1388 et
1665 1346 1789 1403 quasi
1822 1346 2083 1400 consecrari,
2115 1345 2162 1389 id
2191 1361 2296 1389 vero
2318 1360 2407 1388 non

291 1421 536 1466 laudamus.
600 1422 718 1465 Nam
765 1423 845 1466 etsi
897 1423 1060 1466 omisso
1100 1438 1231 1465 versu
1271 1439 1324 1465 ex
1362 1423 1458 1466 aliis
1500 1424 1624 1466 libris
1664 1425 1882 1468 Tullianis
1922 1424 1998 1479 qui
2036 1424 2222 1467 eundem
2260 1430 2407 1468 tenent

295 1499 504 1556 colligere
546 1498 733 1553 licebat,
773 1498 951 1542 Aelium
985 1499 1169 1544 Sextum
1208 1514 1305 1542 esse
1337 1514 1466 1554 quem
1507 1500 1685 1556 egregie
1725 1500 1952 1543 cordatum
1985 1499 2204 1543 hominem
2235 1499 2407 1542 Ennius

297 1574 590 1631 appellasset,
630 1582 777 1619 tamen
814 1573 1019 1619 Ciceroni
1053 1575 1411 1632 prospiciendum
1453 1582 1568 1629 erat,
1609 1583 1659 1619 ut
1697 1576 1783 1619 hoc
1821 1576 1918 1620 loco
1957 1576 2158 1635 legentes
2197 1576 2324 1619 facile
2363 1580 2407 1617 et

294 1652 390 1695 sine
423 1651 701 1696 dubitatione
733 1653 959 1709 percipere
980 1659 1178 1709 possent,
1210 1653 1334 1696 cuius
1367 1653 1450 1695 viri
1471 1653 1723 1696 testimonio
1744 1654 1925 1698 Laelius
1955 1653 2233 1706 inniteretur3
2274 1653 2406 1709 idque

297 1728 335 1771 is
367 1728 429 1770 ita
461 1734 689 1772 assecutus
723 1734 805 1779 est,
845 1744 934 1771 non
975 1734 1023 1771 ut
1055 1728 1172 1772 nude
1204 1745 1364 1771 nomen
1395 1728 1512 1772 Aelii
1543 1736 1740 1785 poneret,
1776 1729 1855 1772 sed
1886 1737 1936 1772 ut
1965 1729 2190 1785 pulchrius
2221 1730 2409 1771 formata

297 1803 494 1848 oratione
524 1804 658 1848 Ennii
693 1820 863 1849 versum
897 1804 954 1848 ad
985 1805 1100 1848 hanc
1130 1821 1220 1849 rem
1252 1812 1404 1848 natum
1436 1821 1516 1849 suo
1550 1807 1739 1849 sermoni
1771 1807 2008 1858 intexeret3
2049 1805 2254 1862 quodque
2287 1804 2407 1848 dein-

292 1894 399 1937 ceps
429 1881 627 1938 repetitis
660 1881 796 1924 Ennii
826 1881 974 1925 verbis
1005 1883 1134 1938 quasi
1164 1882 1445 1938 interpretem
1476 1888 1634 1939 poetae
1676 1898 1812 1940 agens
1861 1883 1977 1926 illius
2011 1898 2188 1926 sensum
2220 1880 2276 1924 ad
2307 1897 2407 1924 suas

293 1957 485 2001 rationes
529 1958 678 2011 refert,
717 1957 764 2000 id
806 1962 856 2001 ut
894 1973 975 2001 sua
1013 1964 1174 2001 natura
1212 1958 1321 2001 scite
1352 1957 1621 2013 instituitur,
1661 1960 1723 2001 ita
1753 1959 1881 2016 plane
1921 1960 1974 2002 fit
2004 1958 2059 2002 de
2091 1957 2409 2001 consuetudine

289 2032 507 2088 Tulliana,
541 2035 665 2079 cuius
696 2050 797 2078 cum
828 2033 968 2078 multa
1000 2041 1150 2079 extent
1182 2035 1398 2092 exempla,
1437 2035 1557 2078 velut
1587 2035 1633 2078 in
1656 2037 1918 2083 Tusculanis
1951 2052 2063 2093 quae
2096 2035 2249 2080 scribit
2270 2035 2312 2088 3,
2336 2036 2405 2087 27,

293 2111 349 2155 65
388 2109 504 2165 Quid
540 2114 613 2157 ille
650 2111 932 2157 Terentianus
972 2115 1063 2169 ipae
1100 2129 1141 2157 se
1163 2116 1383 2171 poeniene,
1427 2115 1476 2157 id
1514 2122 1576 2157 est
1603 2110 1733 2158 ἑαυτὸν
1763 2112 2062 2171 τιμωρούμενοςὲ
2100 2111 2284 2157 ‘Decrevi
2314 2120 2407 2155 tan-

292 2193 420 2250 tisper
449 2205 513 2235 me
543 2193 684 2236 minue
713 2192 917 2246 iniuriae,
953 2190 1156 2246 Chremes,
1186 2207 1274 2236 meo
1300 2201 1431 2250 qnato
1453 2191 1612 2247 jacere,
1646 2193 1748 2236 dum
1759 2192 1871 2247 fiam
1909 2192 2065 2237 miser)
2119 2192 2187 2235 hic
2225 2191 2409 2234 decernit

291 2275 340 2311 ut
377 2269 504 2312 miser
539 2270 607 2311 sit.
648 2284 752 2312 num
782 2269 879 2328 quis
910 2270 1044 2327 iyitur
1073 2269 1303 2328 quicquam
1344 2270 1529 2314 decernit
1567 2270 1752 2313 invitus?
1791 2267 1920 2314 ‘Malo
1961 2270 2130 2327 quidem
2159 2282 2223 2312 me
2262 2268 2406 2325 quovis

288 2347 467 2404 diqnum
498 2344 725 2404 deputem.'
768 2347 881 2389 malo
912 2361 952 2390 se
983 2347 1160 2404 dignum
1192 2348 1369 2404 deputat
1398 2348 1485 2390 nisi
1512 2349 1639 2391 macer
1670 2349 1736 2400 sit,
1769 2353 1863 2390 tum
1895 2346 1979 2390 hoc
2010 2345 2231 2403 singulare
2263 2350 2330 2387 est
2360 2343 2406 2387 in

285 2422 427 2466 Bruto
460 2422 581 2479 quod
611 2422 774 2479 legitur
798 2423 866 2476 15,
890 2424 946 2466 58
989 2423 1073 2466 Est
1108 2424 1243 2480 iqitur
1281 2425 1340 2467 sic
1380 2425 1503 2480 apud
1532 2423 1724 2466 Ennium
1761 2426 1808 2466 in
1846 2438 1957 2466 nono
1994 2431 2045 2465 ut
2071 2424 2224 2479 opinor
2253 2421 2407 2463 annali

282 2497 495 2542 ‘Additur
523 2507 668 2542 orator
692 2497 908 2542 Corneliu'
937 2499 1246 2555 suaviloquenti
1280 2499 1360 2542 Ore
1393 2498 1592 2556 Cetheque
1614 2498 1788 2541 Marcu'
1824 2499 2039 2541 Tuditano
2069 2499 2240 2558 eolleqa,
2261 2497 2409 2539 Marci

272 2574 430 2629 filius.'
460 2583 498 2618 et
527 2582 736 2618 oratorem
766 2575 957 2632 appellat
986 2583 1025 2617 et
1054 2577 1437 2634 suaviloquentiam
1479 2576 1649 2629 tribuit,
1688 2592 1796 2633 quae
1834 2592 1947 2619 'tunc
1985 2576 2155 2633 quide-m
2194 2589 2280 2616 non
2319 2581 2405 2616 tam

288 2661 348 2696 est
376 2653 424 2694 in
448 2653 685 2709 plerisque,
719 2652 884 2693 latrant
914 2653 1024 2693 enim
1054 2654 1143 2694 iam
1175 2653 1353 2708 quidam
1384 2660 1592 2705 oratores,
1623 2668 1707 2696 non
1739 2654 1992 2710 loquuntur,
2040 2652 2110 2694 sed
2140 2658 2202 2693 eet
2228 2665 2277 2692 ea
2310 2650 2406 2692 laus

285 2730 544 2788 eloquentiae
573 2736 680 2772 certe
703 2730 893 2772 maxima
926 2726 978 2771 ‘2⁰8
1009 2729 1166 2772 dictust
1194 2729 1290 2772 ollis
1309 2729 1594 2788 popularibus
1624 2730 1724 2773 olim
1760 2728 1848 2783 Qui
1877 2738 1965 2773 tum
1994 2728 2187 2773 vivebant
2215 2726 2399 2770 homines

283 2815 411 2864 atque
450 2821 599 2849 aevum
641 2805 867 2862 ayitabant
907 2805 1010 2848 Flos
1041 2806 1250 2848 delibatus
1283 2806 1470 2864 popul-⁸2²
1509 2807 1640 2864 probe
1677 2822 1770 2850 vero
1780 2824 1794 2858 ,·
1831 2815 1881 2850 ut
1915 2809 2026 2851 enim
2063 2806 2240 2848 hominis
2278 2805 2402 2847 decue

281 2884 519 2941 inqenium,
556 2883 615 2925 sic
652 2883 817 2940 inqenii
853 2883 988 2940 ipsius
1025 2883 1164 2926 lumen
1194 2890 1255 2925 est
1283 2884 1542 2941 eloquentia,
1580 2899 1666 2941 qua
1703 2886 1843 2927 virum
1878 2885 2141 2929 excellentem
2176 2882 2400 2939 praeclare

290 2970 378 3004 tum
408 2961 477 3003 illi
505 2961 688 3002 homines
708 2960 861 3016 florem
892 2962 1049 3018 populi
1078 2975 1161 3003 esee
1191 2961 1405 3003 dixerunt.
1455 2959 1710 3018 ‘suadaeque
1747 2960 1966 3005 medulla.'
2010 2957 2135 3004 πειθώ
2165 2972 2296 3016 quam
2332 2973 2400 3001 vo-

281 3046 383 3082 cant
420 3036 598 3090 Graeci,
637 3038 759 3080 cuiue
788 3035 950 3092 effector
980 3045 1041 3080 est
1068 3045 1232 3091 orator,
1275 3037 1386 3081 hanc
1416 3039 1599 3081 suadam
1637 3039 1868 3096 appellavit
1898 3038 2089 3091 Ennius,
2133 3037 2222 3078 eiua
2263 3043 2405 3079 autem

282 3115 506 3173 Cethequm
546 3114 777 3157 medullam
802 3113 947 3169 Juisoe
985 3114 1090 3168 vult,
1129 3121 1189 3167 ut,
1231 3128 1362 3171 quam
1401 3114 1523 3158 deam
1562 3117 1609 3158 in
1646 3115 1808 3159 Pericli
1845 3115 1977 3159 labris
2014 3114 2184 3171 ecripeit
2219 3112 2400 3170 Eupolis
