<?xml version="1.0" encoding="UTF-8"?>
<!DOCTYPE html PUBLIC "-//W3C//DTD XHTML 1.0 Transitional//EN"
    "http://www.w3.org/TR/xhtml1/DTD/xhtml1-transitional.dtd">
<html xmlns="http://www.w3.org/1999/xhtml" xml:lang="en" lang="en">
 <head>
  <title>
</title>
<meta http-equiv="Content-Type" content="text/html;charset=utf-8" />
  <meta name='ocr-system' content='tesseract 3.04.00' />
  <meta name='ocr-capabilities' content='ocr_page ocr_carea ocr_par ocr_line ocrx_word'/>
</head>
<body>
  <div class='ocr_page' id='page_1' title='image "4767269_0013.png"; bbox 0 0 2703 3485; ppageno 0'>
   <div class='ocr_carea' id='block_1_1' title="bbox 0 0 1910 357">
    <p class='ocr_par' dir='ltr' id='par_1_1' title="bbox 0 0 1910 357">
     <span class='ocr_line' id='line_1_1' title="bbox 0 0 1910 89; baseline 0 3396"><span class='ocrx_word' id='word_1_1' title='bbox 0 0 1910 89; x_wconf 95' lang='lat' dir='ltr'><strong> </strong></span> 
     </span>
     <span class='ocr_line' id='line_1_2' title="bbox 0 89 553 357; baseline 0 -120"><span class='ocrx_word' id='word_1_2' title='bbox 0 89 553 357; x_wconf 95' lang='lat' dir='ltr'><strong>    </strong></span> 
     </span>
    </p>
   </div>
   <div class='ocr_carea' id='block_1_2' title="bbox 206 273 2362 3187">
    <p class='ocr_par' dir='ltr' id='par_1_2' title="bbox 168 273 2362 804">
     <span class='ocr_line' id='line_1_3' title="bbox 288 273 2362 345; baseline -0 -10"><span class='ocrx_word' id='word_1_3' title='bbox 288 341 290 343; x_wconf 36' lang='grc'><strong>,</strong></span> <span class='ocrx_word' id='word_1_4' title='bbox 413 275 882 345; x_wconf 48' lang='grc' dir='ltr'><strong>ποῳᾶωπςςπω</strong></span> <span class='ocrx_word' id='word_1_5' title='bbox 911 273 995 332; x_wconf 66' lang='lat' dir='ltr'><strong>nos</strong></span> <span class='ocrx_word' id='word_1_6' title='bbox 1014 300 1086 331; x_wconf 84' lang='lat' dir='ltr'><strong>-ne</strong></span> <span class='ocrx_word' id='word_1_7' title='bbox 1099 273 1245 336; x_wconf 69' lang='lat' dir='ltr'><strong>huius</strong></span> <span class='ocrx_word' id='word_1_8' title='bbox 1274 286 1590 345; x_wconf 70' lang='lat' dir='ltr'><strong>disputationis</strong></span> <span class='ocrx_word' id='word_1_9' title='bbox 1611 301 1769 332; x_wconf 65' lang='lat' dir='ltr'><strong>emaus</strong></span> <span class='ocrx_word' id='word_1_10' title='bbox 1786 281 2128 344; x_wconf 73' lang='lat' dir='ltr'><strong>interrumpatur</strong></span> <span class='ocrx_word' id='word_1_11' title='bbox 2144 290 2362 334; x_wconf 60' lang='lat' dir='ltr'><strong>ario-im</strong></span> 
     </span>
     <span class='ocr_line' id='line_1_4' title="bbox 253 354 2360 433; baseline -0.001 -23.078"><span class='ocrx_word' id='word_1_12' title='bbox 253 354 466 418; x_wconf 65' lang='lat' dir='ltr'><strong>,cientem</strong></span> <span class='ocrx_word' id='word_1_13' title='bbox 494 363 712 408; x_wconf 79' lang='lat' dir='ltr'><strong>nolumus.</strong></span> <span class='ocrx_word' id='word_1_14' title='bbox 757 362 825 408; x_wconf 89' lang='lat' dir='ltr'><strong>Ut</strong></span> <span class='ocrx_word' id='word_1_15' title='bbox 852 367 1008 408; x_wconf 84' lang='lat' dir='ltr'><strong>nostra</strong></span> <span class='ocrx_word' id='word_1_16' title='bbox 1035 362 1124 407; x_wconf 82' lang='lat' dir='ltr'><strong>fert</strong></span> <span class='ocrx_word' id='word_1_17' title='bbox 1153 362 1318 420; x_wconf 83' lang='lat' dir='ltr'><strong>opinio,</strong></span> <span class='ocrx_word' id='word_1_18' title='bbox 1345 376 1429 433; x_wconf 67' lang='lat' dir='ltr'><strong>nec</strong></span> <span class='ocrx_word' id='word_1_19' title='bbox 1456 361 1685 408; x_wconf 74' lang='lat' dir='ltr'><strong>Ciceronis</strong></span> <span class='ocrx_word' id='word_1_20' title='bbox 1715 362 1857 406; x_wconf 81' lang='lat' dir='ltr'><strong>oratio</strong></span> <span class='ocrx_word' id='word_1_21' title='bbox 1888 363 2030 408; x_wconf 81' lang='lat' dir='ltr'><strong>alieno</strong></span> <span class='ocrx_word' id='word_1_22' title='bbox 2059 363 2360 409; x_wconf 80' lang='lat' dir='ltr'><strong>additamento</strong></span> 
     </span>
     <span class='ocr_line' id='line_1_5' title="bbox 258 439 2360 499; baseline 0 -14"><span class='ocrx_word' id='word_1_23' title='bbox 258 441 389 486; x_wconf 73' lang='lat' dir='ltr'><strong>ancta</strong></span> <span class='ocrx_word' id='word_1_24' title='bbox 417 446 486 485; x_wconf 83' lang='lat' dir='ltr'><strong>est</strong></span> <span class='ocrx_word' id='word_1_25' title='bbox 515 446 561 485; x_wconf 89' lang='lat' dir='ltr'><strong>et</strong></span> <span class='ocrx_word' id='word_1_26' title='bbox 584 439 886 484; x_wconf 84' lang='lat' dir='ltr'><strong>Ennianorum</strong></span> <span class='ocrx_word' id='word_1_27' title='bbox 918 455 1122 484; x_wconf 84' lang='lat' dir='ltr'><strong>versuum</strong></span> <span class='ocrx_word' id='word_1_28' title='bbox 1153 439 1370 498; x_wconf 75' lang='lat' dir='ltr'><strong>scriptura</strong></span> <span class='ocrx_word' id='word_1_29' title='bbox 1399 454 1532 497; x_wconf 88' lang='lat' dir='ltr'><strong>quam</strong></span> <span class='ocrx_word' id='word_1_30' title='bbox 1564 454 1699 498; x_wconf 83' lang='lat' dir='ltr'><strong>snpra</strong></span> <span class='ocrx_word' id='word_1_31' title='bbox 1727 440 1954 497; x_wconf 84' lang='lat' dir='ltr'><strong>posuimus</strong></span> <span class='ocrx_word' id='word_1_32' title='bbox 1985 447 2076 484; x_wconf 82' lang='lat' dir='ltr'><strong>tam</strong></span> <span class='ocrx_word' id='word_1_33' title='bbox 2106 448 2263 499; x_wconf 88' lang='lat' dir='ltr'><strong>suopte</strong></span> <span class='ocrx_word' id='word_1_34' title='bbox 2293 442 2360 485; x_wconf 90' lang='lat' dir='ltr'><strong>in-</strong></span> 
     </span>
     <span class='ocr_line' id='line_1_6' title="bbox 206 514 2359 577; baseline 0 -16"><span class='ocrx_word' id='word_1_35' title='bbox 206 517 387 577; x_wconf 54' lang='lat' dir='ltr'><strong>ugano</strong></span> <span class='ocrx_word' id='word_1_36' title='bbox 428 531 560 576; x_wconf 88' lang='lat' dir='ltr'><strong>quam</strong></span> <span class='ocrx_word' id='word_1_37' title='bbox 599 516 847 560; x_wconf 82' lang='lat' dir='ltr'><strong>coniunctis</strong></span> <span class='ocrx_word' id='word_1_38' title='bbox 888 514 1022 561; x_wconf 87' lang='lat' dir='ltr'><strong>Gellii</strong></span> <span class='ocrx_word' id='word_1_39' title='bbox 1052 522 1098 561; x_wconf 87' lang='lat' dir='ltr'><strong>et</strong></span> <span class='ocrx_word' id='word_1_40' title='bbox 1126 515 1255 560; x_wconf 88' lang='lat' dir='ltr'><strong>Bruti</strong></span> <span class='ocrx_word' id='word_1_41' title='bbox 1283 516 1475 561; x_wconf 85' lang='lat' dir='ltr'><strong>Tulliani</strong></span> <span class='ocrx_word' id='word_1_42' title='bbox 1512 515 1723 561; x_wconf 87' lang='lat' dir='ltr'><strong>librorum</strong></span> <span class='ocrx_word' id='word_1_43' title='bbox 1761 516 2028 563; x_wconf 67' lang='lat' dir='ltr'><strong>,testimoniis</strong></span> <span class='ocrx_word' id='word_1_44' title='bbox 2062 517 2241 562; x_wconf 86' lang='lat' dir='ltr'><strong>firmiter</strong></span> <span class='ocrx_word' id='word_1_45' title='bbox 2270 524 2359 562; x_wconf 82' lang='lat' dir='ltr'><strong>sta-</strong></span> 
     </span>
     <span class='ocr_line' id='line_1_7' title="bbox 254 593 2357 649; baseline 0 -11"><span class='ocrx_word' id='word_1_46' title='bbox 254 594 382 638; x_wconf 84' lang='lat' dir='ltr'><strong>bilita</strong></span> <span class='ocrx_word' id='word_1_47' title='bbox 410 600 480 638; x_wconf 85' lang='lat' dir='ltr'><strong>est</strong></span> <span class='ocrx_word' id='word_1_48' title='bbox 509 607 593 637; x_wconf 89' lang='lat' dir='ltr'><strong>nec</strong></span> <span class='ocrx_word' id='word_1_49' title='bbox 622 594 750 636; x_wconf 83' lang='lat' dir='ltr'><strong>vanis</strong></span> <span class='ocrx_word' id='word_1_50' title='bbox 780 593 1025 636; x_wconf 88' lang='lat' dir='ltr'><strong>rationibus</strong></span> <span class='ocrx_word' id='word_1_51' title='bbox 1055 593 1358 636; x_wconf 81' lang='lat' dir='ltr'><strong>labefactatur.</strong></span> <span class='ocrx_word' id='word_1_52' title='bbox 1420 593 1513 638; x_wconf 91' lang='lat' dir='ltr'><strong>Sed</strong></span> <span class='ocrx_word' id='word_1_53' title='bbox 1553 593 1677 636; x_wconf 85' lang='lat' dir='ltr'><strong>cuius</strong></span> <span class='ocrx_word' id='word_1_54' title='bbox 1721 593 1783 635; x_wconf 89' lang='lat' dir='ltr'><strong>rei</strong></span> <span class='ocrx_word' id='word_1_55' title='bbox 1801 608 1947 643; x_wconf 12' lang='lat' dir='ltr'><strong>*causa</strong></span> <span class='ocrx_word' id='word_1_56' title='bbox 1977 593 2088 637; x_wconf 86' lang='lat' dir='ltr'><strong>haec</strong></span> <span class='ocrx_word' id='word_1_57' title='bbox 2117 595 2357 649; x_wconf 75' lang='lat' dir='ltr'><strong>attulimus,</strong></span> 
     </span>
     <span class='ocr_line' id='line_1_8' title="bbox 254 667 2358 729; baseline 0 -15"><span class='ocrx_word' id='word_1_58' title='bbox 254 675 460 728; x_wconf 82' lang='lat' dir='ltr'><strong>apparet,</strong></span> <span class='ocrx_word' id='word_1_59' title='bbox 492 669 741 727; x_wconf 85' lang='lat' dir='ltr'><strong>opinamur,</strong></span> <span class='ocrx_word' id='word_1_60' title='bbox 773 669 908 723; x_wconf 80' lang='lat' dir='ltr'><strong>ratio,</strong></span> <span class='ocrx_word' id='word_1_61' title='bbox 950 683 1039 726; x_wconf 85' lang='lat' dir='ltr'><strong>qua</strong></span> <span class='ocrx_word' id='word_1_62' title='bbox 1069 667 1227 713; x_wconf 82' lang='lat' dir='ltr'><strong>Cicero</strong></span> <span class='ocrx_word' id='word_1_63' title='bbox 1267 683 1470 713; x_wconf 81' lang='lat' dir='ltr'><strong>versuum</strong></span> <span class='ocrx_word' id='word_1_64' title='bbox 1503 669 1663 726; x_wconf 84' lang='lat' dir='ltr'><strong>quibus</strong></span> <span class='ocrx_word' id='word_1_65' title='bbox 1702 683 1826 713; x_wconf 86' lang='lat' dir='ltr'><strong>suam</strong></span> <span class='ocrx_word' id='word_1_66' title='bbox 1857 669 2097 712; x_wconf 89' lang='lat' dir='ltr'><strong>orationem</strong></span> <span class='ocrx_word' id='word_1_67' title='bbox 2127 669 2358 729; x_wconf 82' lang='lat' dir='ltr'><strong>distinguit</strong></span> 
     </span>
     <span class='ocr_line' id='line_1_9' title="bbox 254 743 2093 804; baseline -0.001 -14"><span class='ocrx_word' id='word_1_68' title='bbox 254 762 411 791; x_wconf 85' lang='lat' dir='ltr'><strong>sensus</strong></span> <span class='ocrx_word' id='word_1_69' title='bbox 443 754 489 790; x_wconf 89' lang='lat' dir='ltr'><strong>et</strong></span> <span class='ocrx_word' id='word_1_70' title='bbox 517 747 616 803; x_wconf 85' lang='lat' dir='ltr'><strong>ipsa</strong></span> <span class='ocrx_word' id='word_1_71' title='bbox 645 746 781 790; x_wconf 88' lang='lat' dir='ltr'><strong>verba</strong></span> <span class='ocrx_word' id='word_1_72' title='bbox 810 746 966 789; x_wconf 88' lang='lat' dir='ltr'><strong>iterare</strong></span> <span class='ocrx_word' id='word_1_73' title='bbox 999 762 1051 790; x_wconf 88' lang='lat' dir='ltr'><strong>ac</strong></span> <span class='ocrx_word' id='word_1_74' title='bbox 1080 763 1220 804; x_wconf 88' lang='lat' dir='ltr'><strong>paene</strong></span> <span class='ocrx_word' id='word_1_75' title='bbox 1251 743 1471 790; x_wconf 80' lang='lat' dir='ltr'><strong>inculcare</strong></span> <span class='ocrx_word' id='word_1_76' title='bbox 1500 746 1750 804; x_wconf 87' lang='lat' dir='ltr'><strong>legentibus</strong></span> <span class='ocrx_word' id='word_1_77' title='bbox 1787 762 1877 788; x_wconf 87' lang='lat' dir='ltr'><strong>non</strong></span> <span class='ocrx_word' id='word_1_78' title='bbox 1907 746 2093 789; x_wconf 88' lang='lat' dir='ltr'><strong>dubitet.</strong></span> 
     </span>
    </p>

    <p class='ocr_par' dir='ltr' id='par_1_3' title="bbox 237 821 2356 2790">
     <span class='ocr_line' id='line_1_10' title="bbox 456 821 2355 881; baseline 0.001 -15"><span class='ocrx_word' id='word_1_79' title='bbox 456 823 609 881; x_wconf 83' lang='lat' dir='ltr'><strong>Pergit</strong></span> <span class='ocrx_word' id='word_1_80' title='bbox 628 822 809 866; x_wconf 81' lang='lat' dir='ltr'><strong>Laelius</strong></span> <span class='ocrx_word' id='word_1_81' title='bbox 832 825 982 879; x_wconf 79' lang='lat' dir='ltr'><strong>cuique</strong></span> <span class='ocrx_word' id='word_1_82' title='bbox 1001 831 1150 866; x_wconf 75' lang='lat' dir='ltr'><strong>cont-ra</strong></span> <span class='ocrx_word' id='word_1_83' title='bbox 1176 821 1299 868; x_wconf 76' lang='lat' dir='ltr'><strong>Galli</strong></span> <span class='ocrx_word' id='word_1_84' title='bbox 1316 824 1459 865; x_wconf 67' lang='lat' dir='ltr'><strong>studia</strong></span> <span class='ocrx_word' id='word_1_85' title='bbox 1481 824 1723 879; x_wconf 66' lang='lat' dir='ltr'><strong>disputanti</strong></span> <span class='ocrx_word' id='word_1_86' title='bbox 1740 825 1787 865; x_wconf 79' lang='lat' dir='ltr'><strong>in</strong></span> <span class='ocrx_word' id='word_1_87' title='bbox 1807 837 1878 865; x_wconf 87' lang='lat' dir='ltr'><strong>ore</strong></span> <span class='ocrx_word' id='word_1_88' title='bbox 1906 838 2066 879; x_wconf 69' lang='lat' dir='ltr'><strong>semper</strong></span> <span class='ocrx_word' id='word_1_89' title='bbox 2093 832 2187 866; x_wconf 77' lang='lat' dir='ltr'><strong>erat</strong></span> <span class='ocrx_word' id='word_1_90' title='bbox 2213 825 2284 867; x_wconf 81' lang='lat' dir='ltr'><strong>ille</strong></span> <span class='ocrx_word' id='word_1_91' title='bbox 2304 826 2355 867; x_wconf 83' lang='lat' dir='ltr'><strong>de</strong></span> 
     </span>
     <span class='ocr_line' id='line_1_11' title="bbox 252 896 2354 959; baseline 0.001 -16"><span class='ocrx_word' id='word_1_92' title='bbox 252 897 476 958; x_wconf 71' lang='lat' dir='ltr'><strong>kaiqem&#39;a</strong></span> <span class='ocrx_word' id='word_1_93' title='bbox 491 898 698 944; x_wconf 71' lang='lat' dir='ltr'><strong>Achilles:</strong></span> <span class='ocrx_word' id='word_1_94' title='bbox 718 896 1045 957; x_wconf 73' lang='lat' dir='ltr'><strong>‘astroloqorum</strong></span> <span class='ocrx_word' id='word_1_95' title='bbox 1064 898 1205 958; x_wconf 68' lang='lat' dir='ltr'><strong>aiqna&#39;</strong></span> <span class='ocrx_word' id='word_1_96' title='bbox 1227 914 1318 956; x_wconf 90' lang='lat' dir='ltr'><strong>eqs.</strong></span> <span class='ocrx_word' id='word_1_97' title='bbox 1343 897 1498 943; x_wconf 87' lang='lat' dir='ltr'>Codex</span> <span class='ocrx_word' id='word_1_98' title='bbox 1517 899 1595 944; x_wconf 76' lang='lat' dir='ltr'><strong>illa</strong></span> <span class='ocrx_word' id='word_1_99' title='bbox 1617 914 1697 956; x_wconf 90' lang='lat' dir='ltr'><strong>pro</strong></span> <span class='ocrx_word' id='word_1_100' title='bbox 1719 898 1802 952; x_wconf 82' lang='lat' dir='ltr'><strong>ille,</strong></span> <span class='ocrx_word' id='word_1_101' title='bbox 1834 899 2092 955; x_wconf 84' lang='lat' dir='ltr'><strong>pronomine</strong></span> <span class='ocrx_word' id='word_1_102' title='bbox 2114 899 2170 944; x_wconf 88' lang='lat' dir='ltr'><strong>ad</strong></span> <span class='ocrx_word' id='word_1_103' title='bbox 2189 900 2354 959; x_wconf 76' lang='lat' dir='ltr'><strong>kaiye-</strong></span> 
     </span>
     <span class='ocr_line' id='line_1_12' title="bbox 254 975 2355 1035; baseline 0 -14"><span class='ocrx_word' id='word_1_104' title='bbox 254 977 330 1021; x_wconf 81' lang='lat' dir='ltr'><strong>nia</strong></span> <span class='ocrx_word' id='word_1_105' title='bbox 351 991 510 1021; x_wconf 91' lang='lat' dir='ltr'><strong>nomen</strong></span> <span class='ocrx_word' id='word_1_106' title='bbox 534 976 742 1030; x_wconf 82' lang='lat' dir='ltr'><strong>format03</strong></span> <span class='ocrx_word' id='word_1_107' title='bbox 765 992 893 1033; x_wconf 91' lang='lat' dir='ltr'><strong>quem</strong></span> <span class='ocrx_word' id='word_1_108' title='bbox 913 976 1058 1021; x_wconf 89' lang='lat' dir='ltr'><strong>lenem</strong></span> <span class='ocrx_word' id='word_1_109' title='bbox 1080 992 1132 1022; x_wconf 89' lang='lat' dir='ltr'><strong>ac</strong></span> <span class='ocrx_word' id='word_1_110' title='bbox 1153 976 1380 1035; x_wconf 87' lang='lat' dir='ltr'><strong>vulgarem</strong></span> <span class='ocrx_word' id='word_1_111' title='bbox 1401 992 1590 1020; x_wconf 85' lang='lat' dir='ltr'><strong>errorem</strong></span> <span class='ocrx_word' id='word_1_112' title='bbox 1612 975 1822 1022; x_wconf 87' lang='lat' dir='ltr'><strong>Osannus</strong></span> <span class='ocrx_word' id='word_1_113' title='bbox 1847 976 2044 1030; x_wconf 80' lang='lat' dir='ltr'><strong>sustulit3</strong></span> <span class='ocrx_word' id='word_1_114' title='bbox 2067 993 2168 1020; x_wconf 87' lang='lat' dir='ltr'><strong>nam</strong></span> <span class='ocrx_word' id='word_1_115' title='bbox 2189 977 2355 1035; x_wconf 88' lang='lat' dir='ltr'><strong>reliqua</strong></span> 
     </span>
     <span class='ocr_line' id='line_1_13' title="bbox 253 1052 2356 1112; baseline 0.001 -16"><span class='ocrx_word' id='word_1_116' title='bbox 253 1058 373 1097; x_wconf 86' lang='lat' dir='ltr'><strong>recte</strong></span> <span class='ocrx_word' id='word_1_117' title='bbox 405 1053 570 1112; x_wconf 86' lang='lat' dir='ltr'><strong>scripta</strong></span> <span class='ocrx_word' id='word_1_118' title='bbox 610 1059 712 1097; x_wconf 92' lang='lat' dir='ltr'><strong>sunt</strong></span> <span class='ocrx_word' id='word_1_119' title='bbox 742 1060 786 1097; x_wconf 92' lang='lat' dir='ltr'><strong>et</strong></span> <span class='ocrx_word' id='word_1_120' title='bbox 826 1059 894 1098; x_wconf 87' lang='lat' dir='ltr'><strong>est</strong></span> <span class='ocrx_word' id='word_1_121' title='bbox 923 1052 1035 1097; x_wconf 88' lang='lat' dir='ltr'><strong>haec</strong></span> <span class='ocrx_word' id='word_1_122' title='bbox 1066 1053 1211 1112; x_wconf 90' lang='lat' dir='ltr'><strong>aptior</strong></span> <span class='ocrx_word' id='word_1_123' title='bbox 1241 1053 1380 1096; x_wconf 89' lang='lat' dir='ltr'><strong>oratio</strong></span> <span class='ocrx_word' id='word_1_124' title='bbox 1413 1069 1542 1110; x_wconf 89' lang='lat' dir='ltr'><strong>quam</strong></span> <span class='ocrx_word' id='word_1_125' title='bbox 1569 1069 1682 1111; x_wconf 88' lang='lat' dir='ltr'><strong>quae</strong></span> <span class='ocrx_word' id='word_1_126' title='bbox 1714 1052 1845 1096; x_wconf 91' lang='lat' dir='ltr'><strong>hodie</strong></span> <span class='ocrx_word' id='word_1_127' title='bbox 1876 1052 1931 1096; x_wconf 88' lang='lat' dir='ltr'><strong>de</strong></span> <span class='ocrx_word' id='word_1_128' title='bbox 1963 1052 2074 1097; x_wconf 86' lang='lat' dir='ltr'><strong>Maii</strong></span> <span class='ocrx_word' id='word_1_129' title='bbox 2106 1054 2356 1098; x_wconf 87' lang='lat' dir='ltr'><strong>coniectura</strong></span> 
     </span>
     <span class='ocr_line' id='line_1_14' title="bbox 251 1130 2354 1189; baseline 0 -15"><span class='ocrx_word' id='word_1_130' title='bbox 251 1130 459 1189; x_wconf 83' lang='lat' dir='ltr'><strong>vulgatur</strong></span> <span class='ocrx_word' id='word_1_131' title='bbox 492 1132 540 1173; x_wconf 76' lang='lat' dir='ltr'><strong>in</strong></span> <span class='ocrx_word' id='word_1_132' title='bbox 580 1146 648 1174; x_wconf 82' lang='lat' dir='ltr'><strong>ore</strong></span> <span class='ocrx_word' id='word_1_133' title='bbox 686 1146 845 1188; x_wconf 70' lang='lat' dir='ltr'><strong>semper</strong></span> <span class='ocrx_word' id='word_1_134' title='bbox 880 1139 1005 1174; x_wconf 82' lang='lat' dir='ltr'><strong>erant</strong></span> <span class='ocrx_word' id='word_1_135' title='bbox 1039 1132 1118 1175; x_wconf 81' lang='lat' dir='ltr'><strong>illa</strong></span> <span class='ocrx_word' id='word_1_136' title='bbox 1157 1132 1208 1174; x_wconf 86' lang='lat' dir='ltr'><strong>de</strong></span> <span class='ocrx_word' id='word_1_137' title='bbox 1246 1130 1467 1188; x_wconf 69' lang='lat' dir='ltr'><strong>Ipkiqenia</strong></span> <span class='ocrx_word' id='word_1_138' title='bbox 1507 1131 1710 1183; x_wconf 67' lang='lat' dir='ltr'><strong>Achilli83</strong></span> <span class='ocrx_word' id='word_1_139' title='bbox 1751 1146 1894 1187; x_wconf 89' lang='lat' dir='ltr'><strong>neque</strong></span> <span class='ocrx_word' id='word_1_140' title='bbox 1926 1131 2097 1185; x_wconf 86' lang='lat' dir='ltr'><strong>obstat,</strong></span> <span class='ocrx_word' id='word_1_141' title='bbox 2135 1131 2253 1187; x_wconf 89' lang='lat' dir='ltr'><strong>quod</strong></span> <span class='ocrx_word' id='word_1_142' title='bbox 2293 1133 2354 1175; x_wconf 84' lang='lat' dir='ltr'><strong>ita</strong></span> 
     </span>
     <span class='ocr_line' id='line_1_15' title="bbox 256 1206 2353 1252; baseline 0 -2"><span class='ocrx_word' id='word_1_143' title='bbox 256 1207 377 1251; x_wconf 88' lang='lat' dir='ltr'><strong>nullo</strong></span> <span class='ocrx_word' id='word_1_144' title='bbox 399 1207 485 1251; x_wconf 88' lang='lat' dir='ltr'><strong>iam</strong></span> <span class='ocrx_word' id='word_1_145' title='bbox 506 1208 682 1251; x_wconf 86' lang='lat' dir='ltr'><strong>vinculo</strong></span> <span class='ocrx_word' id='word_1_146' title='bbox 703 1208 889 1251; x_wconf 90' lang='lat' dir='ltr'><strong>orationi</strong></span> <span class='ocrx_word' id='word_1_147' title='bbox 910 1223 1064 1252; x_wconf 84' lang='lat' dir='ltr'><strong>versus</strong></span> <span class='ocrx_word' id='word_1_148' title='bbox 1086 1208 1397 1252; x_wconf 88' lang='lat' dir='ltr'><strong>subiiciuntur:</strong></span> <span class='ocrx_word' id='word_1_149' title='bbox 1434 1208 1498 1251; x_wconf 87' lang='lat' dir='ltr'><strong>sic</strong></span> <span class='ocrx_word' id='word_1_150' title='bbox 1520 1208 1632 1251; x_wconf 90' lang='lat' dir='ltr'><strong>enim</strong></span> <span class='ocrx_word' id='word_1_151' title='bbox 1656 1206 1813 1251; x_wconf 83' lang='lat' dir='ltr'><strong>Cicero</strong></span> <span class='ocrx_word' id='word_1_152' title='bbox 1837 1223 1934 1251; x_wconf 88' lang='lat' dir='ltr'><strong>cum</strong></span> <span class='ocrx_word' id='word_1_153' title='bbox 1958 1208 2063 1252; x_wconf 89' lang='lat' dir='ltr'><strong>alibi</strong></span> <span class='ocrx_word' id='word_1_154' title='bbox 2083 1213 2177 1251; x_wconf 92' lang='lat' dir='ltr'><strong>tum</strong></span> <span class='ocrx_word' id='word_1_155' title='bbox 2197 1208 2257 1252; x_wconf 90' lang='lat' dir='ltr'><strong>ibi</strong></span> <span class='ocrx_word' id='word_1_156' title='bbox 2278 1209 2353 1252; x_wconf 93' lang='lat' dir='ltr'><strong>ubi</strong></span> 
     </span>
     <span class='ocr_line' id='line_1_16' title="bbox 250 1283 2353 1339; baseline 0 -13"><span class='ocrx_word' id='word_1_157' title='bbox 250 1284 428 1326; x_wconf 92' lang='lat' dir='ltr'><strong>tertium</strong></span> <span class='ocrx_word' id='word_1_158' title='bbox 458 1283 614 1327; x_wconf 89' lang='lat' dir='ltr'><strong>horum</strong></span> <span class='ocrx_word' id='word_1_159' title='bbox 650 1300 853 1328; x_wconf 85' lang='lat' dir='ltr'><strong>versuum</strong></span> <span class='ocrx_word' id='word_1_160' title='bbox 885 1301 1036 1328; x_wconf 85' lang='lat' dir='ltr'><strong>rursus</strong></span> <span class='ocrx_word' id='word_1_161' title='bbox 1068 1285 1234 1339; x_wconf 87' lang='lat' dir='ltr'><strong>citavit,</strong></span> <span class='ocrx_word' id='word_1_162' title='bbox 1265 1283 1320 1326; x_wconf 92' lang='lat' dir='ltr'><strong>de</strong></span> <span class='ocrx_word' id='word_1_163' title='bbox 1351 1284 1618 1326; x_wconf 78' lang='lat' dir='ltr'><strong>divinatione</strong></span> <span class='ocrx_word' id='word_1_164' title='bbox 1640 1285 1682 1339; x_wconf 84' lang='lat'><strong>2,</strong></span> <span class='ocrx_word' id='word_1_165' title='bbox 1707 1285 1776 1339; x_wconf 86' lang='lat'><strong>13,</strong></span> <span class='ocrx_word' id='word_1_166' title='bbox 1800 1286 1872 1338; x_wconf 87' lang='lat'><strong>30,</strong></span> <span class='ocrx_word' id='word_1_167' title='bbox 1910 1285 2175 1327; x_wconf 58' lang='lat' dir='ltr'><strong>Democritus</strong></span> <span class='ocrx_word' id='word_1_168' title='bbox 2216 1294 2353 1328; x_wconf 80' lang='lat' dir='ltr'><strong>tamen</strong></span> 
     </span>
     <span class='ocr_line' id='line_1_17' title="bbox 252 1360 2352 1421; baseline 0.001 -18"><span class='ocrx_word' id='word_1_169' title='bbox 252 1375 338 1404; x_wconf 83' lang='lat' dir='ltr'><strong>non</strong></span> <span class='ocrx_word' id='word_1_170' title='bbox 367 1363 513 1405; x_wconf 70' lang='lat' dir='ltr'><strong>inscite</strong></span> <span class='ocrx_word' id='word_1_171' title='bbox 543 1370 746 1420; x_wconf 75' lang='lat' dir='ltr'><strong>nuqat&#39;ur,</strong></span> <span class='ocrx_word' id='word_1_172' title='bbox 776 1370 825 1404; x_wconf 78' lang='lat' dir='ltr'><strong>ut</strong></span> <span class='ocrx_word' id='word_1_173' title='bbox 848 1362 1062 1421; x_wconf 68' lang='lat' dir='ltr'><strong>physicus,</strong></span> <span class='ocrx_word' id='word_1_174' title='bbox 1088 1376 1170 1420; x_wconf 82' lang='lat' dir='ltr'><strong>quo</strong></span> <span class='ocrx_word' id='word_1_175' title='bbox 1196 1376 1346 1419; x_wconf 76' lang='lat' dir='ltr'><strong>qenere</strong></span> <span class='ocrx_word' id='word_1_176' title='bbox 1377 1362 1487 1405; x_wconf 72' lang='lat' dir='ltr'><strong>nihil</strong></span> <span class='ocrx_word' id='word_1_177' title='bbox 1514 1363 1806 1420; x_wconf 65' lang='lat' dir='ltr'><strong>adroyantiue.</strong></span> <span class='ocrx_word' id='word_1_178' title='bbox 1845 1360 1977 1420; x_wconf 82' lang='lat' dir='ltr'><strong>‘quod</strong></span> <span class='ocrx_word' id='word_1_179' title='bbox 2013 1370 2075 1406; x_wconf 69' lang='lat' dir='ltr'><strong>eet</strong></span> <span class='ocrx_word' id='word_1_180' title='bbox 2103 1370 2202 1406; x_wconf 80' lang='lat' dir='ltr'><strong>ante</strong></span> <span class='ocrx_word' id='word_1_181' title='bbox 2225 1363 2352 1421; x_wconf 65' lang='lat' dir='ltr'><strong>pedes</strong></span> 
     </span>
     <span class='ocr_line' id='line_1_18' title="bbox 251 1439 2353 1497; baseline 0 -15"><span class='ocrx_word' id='word_1_182' title='bbox 251 1454 368 1482; x_wconf 83' lang='lat' dir='ltr'><strong>nemo</strong></span> <span class='ocrx_word' id='word_1_183' title='bbox 407 1448 578 1496; x_wconf 69' lang='lat' dir='ltr'><strong>spectat,</strong></span> <span class='ocrx_word' id='word_1_184' title='bbox 609 1441 720 1482; x_wconf 75' lang='lat' dir='ltr'><strong>caeli</strong></span> <span class='ocrx_word' id='word_1_185' title='bbox 746 1448 994 1482; x_wconf 68' lang='lat' dir='ltr'><strong>scrutantur</strong></span> <span class='ocrx_word' id='word_1_186' title='bbox 1022 1439 1212 1496; x_wconf 73' lang='lat' dir='ltr'><strong>plaqas.&#39;</strong></span> <span class='ocrx_word' id='word_1_187' title='bbox 1272 1439 1441 1482; x_wconf 85' lang='lat' dir='ltr'><strong>Versus</strong></span> <span class='ocrx_word' id='word_1_188' title='bbox 1480 1440 1579 1495; x_wconf 89' lang='lat' dir='ltr'><strong>ipsi,</strong></span> <span class='ocrx_word' id='word_1_189' title='bbox 1618 1440 1777 1495; x_wconf 91' lang='lat' dir='ltr'><strong>quibus</strong></span> <span class='ocrx_word' id='word_1_190' title='bbox 1808 1440 2007 1483; x_wconf 86' lang='lat' dir='ltr'><strong>Achilles</strong></span> <span class='ocrx_word' id='word_1_191' title='bbox 2044 1441 2089 1482; x_wconf 90' lang='lat' dir='ltr'><strong>iu</strong></span> <span class='ocrx_word' id='word_1_192' title='bbox 2119 1440 2353 1497; x_wconf 82' lang='lat' dir='ltr'><strong>Iphigenia</strong></span> 
     </span>
     <span class='ocr_line' id='line_1_19' title="bbox 250 1515 2352 1573; baseline -0 -15"><span class='ocrx_word' id='word_1_193' title='bbox 250 1516 570 1572; x_wconf 78' lang='lat' dir='ltr'><strong>astrologorum</strong></span> <span class='ocrx_word' id='word_1_194' title='bbox 602 1516 794 1572; x_wconf 80' lang='lat' dir='ltr'><strong>ineptam</strong></span> <span class='ocrx_word' id='word_1_195' title='bbox 828 1515 1106 1558; x_wconf 81' lang='lat' dir='ltr'><strong>sedulitatem</strong></span> <span class='ocrx_word' id='word_1_196' title='bbox 1137 1516 1296 1571; x_wconf 83' lang='lat' dir='ltr'><strong>carpit,</strong></span> <span class='ocrx_word' id='word_1_197' title='bbox 1339 1516 1585 1558; x_wconf 88' lang='lat' dir='ltr'><strong>referuntur</strong></span> <span class='ocrx_word' id='word_1_198' title='bbox 1624 1516 1685 1557; x_wconf 89' lang='lat' dir='ltr'><strong>illi</strong></span> <span class='ocrx_word' id='word_1_199' title='bbox 1718 1516 1893 1571; x_wconf 89' lang='lat' dir='ltr'><strong>quidem</strong></span> <span class='ocrx_word' id='word_1_200' title='bbox 1936 1522 2056 1558; x_wconf 89' lang='lat' dir='ltr'><strong>recte</strong></span> <span class='ocrx_word' id='word_1_201' title='bbox 2088 1532 2352 1573; x_wconf 86' lang='lat' dir='ltr'><strong>quamquam</strong></span> 
     </span>
     <span class='ocr_line' id='line_1_20' title="bbox 250 1591 2352 1651; baseline 0 -16"><span class='ocrx_word' id='word_1_202' title='bbox 250 1592 345 1635; x_wconf 88' lang='lat' dir='ltr'><strong>sine</strong></span> <span class='ocrx_word' id='word_1_203' title='bbox 384 1592 633 1635; x_wconf 90' lang='lat' dir='ltr'><strong>testimonio</strong></span> <span class='ocrx_word' id='word_1_204' title='bbox 672 1592 728 1634; x_wconf 88' lang='lat' dir='ltr'><strong>ad</strong></span> <span class='ocrx_word' id='word_1_205' title='bbox 768 1592 900 1634; x_wconf 87' lang='lat' dir='ltr'><strong>Ennii</strong></span> <span class='ocrx_word' id='word_1_206' title='bbox 939 1591 1228 1650; x_wconf 83' lang='lat' dir='ltr'><strong>Iphigeniam,</strong></span> <span class='ocrx_word' id='word_1_207' title='bbox 1272 1608 1326 1634; x_wconf 85' lang='lat' dir='ltr'><strong>ex</strong></span> <span class='ocrx_word' id='word_1_208' title='bbox 1364 1591 1590 1650; x_wconf 87' lang='lat' dir='ltr'><strong>Euripidis</strong></span> <span class='ocrx_word' id='word_1_209' title='bbox 1628 1592 1862 1651; x_wconf 84' lang='lat' dir='ltr'><strong>Iphigenia</strong></span> <span class='ocrx_word' id='word_1_210' title='bbox 1903 1592 2133 1636; x_wconf 82' lang='lat' dir='ltr'><strong>Aulidensi</strong></span> <span class='ocrx_word' id='word_1_211' title='bbox 2175 1609 2352 1650; x_wconf 89' lang='lat' dir='ltr'><strong>expres—</strong></span> 
     </span>
     <span class='ocr_line' id='line_1_21' title="bbox 252 1668 2350 1726; baseline 0 -13"><span class='ocrx_word' id='word_1_212' title='bbox 252 1686 359 1724; x_wconf 78' lang='lat' dir='ltr'><strong>sam,</strong></span> <span class='ocrx_word' id='word_1_213' title='bbox 399 1670 478 1712; x_wconf 89' lang='lat' dir='ltr'><strong>sed</strong></span> <span class='ocrx_word' id='word_1_214' title='bbox 516 1686 628 1725; x_wconf 90' lang='lat' dir='ltr'><strong>quae</strong></span> <span class='ocrx_word' id='word_1_215' title='bbox 669 1671 713 1711; x_wconf 89' lang='lat' dir='ltr'><strong>in</strong></span> <span class='ocrx_word' id='word_1_216' title='bbox 748 1668 921 1712; x_wconf 81' lang='lat' dir='ltr'><strong>Graeca</strong></span> <span class='ocrx_word' id='word_1_217' title='bbox 957 1669 1106 1712; x_wconf 84' lang='lat' dir='ltr'><strong>fabula</strong></span> <span class='ocrx_word' id='word_1_218' title='bbox 1145 1669 1338 1711; x_wconf 85' lang='lat' dir='ltr'><strong>Achilles</strong></span> <span class='ocrx_word' id='word_1_219' title='bbox 1371 1670 1607 1726; x_wconf 86' lang='lat' dir='ltr'><strong>opprobria</strong></span> <span class='ocrx_word' id='word_1_220' title='bbox 1645 1671 1748 1713; x_wconf 84' lang='lat' dir='ltr'><strong>iacit</strong></span> <span class='ocrx_word' id='word_1_221' title='bbox 1787 1671 1831 1711; x_wconf 92' lang='lat' dir='ltr'><strong>in</strong></span> <span class='ocrx_word' id='word_1_222' title='bbox 1870 1670 2160 1712; x_wconf 79' lang='lat' dir='ltr'><strong>Calchantem</strong></span> <span class='ocrx_word' id='word_1_223' title='bbox 2199 1687 2239 1712; x_wconf 88' lang='lat' dir='ltr'><strong>v.</strong></span> <span class='ocrx_word' id='word_1_224' title='bbox 2263 1673 2350 1713; x_wconf 87' lang='lat'><strong>955</strong></span> 
     </span>
     <span class='ocr_line' id='line_1_22' title="bbox 246 1737 2351 1802; baseline -0 -14"><span class='ocrx_word' id='word_1_225' title='bbox 246 1737 401 1799; x_wconf 71' lang='grc' dir='ltr'><strong>πικροὓς</strong></span> <span class='ocrx_word' id='word_1_226' title='bbox 431 1745 473 1787; x_wconf 72' lang='grc' dir='ltr'><strong>δὲ</strong></span> <span class='ocrx_word' id='word_1_227' title='bbox 505 1744 705 1798; x_wconf 78' lang='grc' dir='ltr'><strong>προχύτας</strong></span> <span class='ocrx_word' id='word_1_228' title='bbox 741 1742 923 1799; x_wconf 63' lang='grc' dir='ltr'><strong>χέρνιβές</strong></span> <span class='ocrx_word' id='word_1_229' title='bbox 954 1744 994 1786; x_wconf 83' lang='grc' dir='ltr'><strong>τ’</strong></span> <span class='ocrx_word' id='word_1_230' title='bbox 1024 1744 1219 1798; x_wconf 80' lang='grc' dir='ltr'><strong>ἐνιίρξεται</strong></span> <span class='ocrx_word' id='word_1_231' title='bbox 1250 1743 1423 1797; x_wconf 67' lang='grc' dir='ltr'>Κάλχας</span> <span class='ocrx_word' id='word_1_232' title='bbox 1455 1743 1477 1787; x_wconf 79' lang='grc' dir='ltr'><em>ὁ</em></span> <span class='ocrx_word' id='word_1_233' title='bbox 1504 1745 1644 1801; x_wconf 76' lang='grc' dir='ltr'><strong><em>μάντις.</em></strong></span> <span class='ocrx_word' id='word_1_234' title='bbox 1696 1746 1752 1795; x_wconf 81' lang='grc' dir='ltr'><strong>τίς</strong></span> <span class='ocrx_word' id='word_1_235' title='bbox 1784 1745 1825 1786; x_wconf 78' lang='grc' dir='ltr'>ὀέ</span> <span class='ocrx_word' id='word_1_236' title='bbox 1855 1745 1983 1802; x_wconf 79' lang='grc' dir='ltr'><strong>μα’ντις</strong></span> <span class='ocrx_word' id='word_1_237' title='bbox 2016 1744 2096 1787; x_wconf 78' lang='grc' dir='ltr'><strong>ἔστ’</strong></span> <span class='ocrx_word' id='word_1_238' title='bbox 2131 1744 2249 1801; x_wconf 80' lang='grc' dir='ltr'><strong>α’νήρ;</strong></span> <span class='ocrx_word' id='word_1_239' title='bbox 2274 1740 2351 1796; x_wconf 53' lang='grc' dir='ltr'><strong>ὁΟς</strong></span> 
     </span>
     <span class='ocr_line' id='line_1_23' title="bbox 247 1816 2349 1881; baseline -0 -16"><span class='ocrx_word' id='word_1_240' title='bbox 247 1821 353 1877; x_wconf 70' lang='grc' dir='ltr'><strong>ὀλίγ’</strong></span> <span class='ocrx_word' id='word_1_241' title='bbox 383 1821 536 1878; x_wconf 64' lang='grc' dir='ltr'><strong>α’ληθῆ,</strong></span> <span class='ocrx_word' id='word_1_242' title='bbox 566 1820 699 1865; x_wconf 62' lang='grc' dir='ltr'>πολλά</span> <span class='ocrx_word' id='word_1_243' title='bbox 729 1821 771 1864; x_wconf 71' lang='grc' dir='ltr'><strong>δὲ</strong></span> <span class='ocrx_word' id='word_1_244' title='bbox 802 1824 931 1877; x_wconf 77' lang='grc' dir='ltr'>ψευδῆ</span> <span class='ocrx_word' id='word_1_245' title='bbox 960 1822 1067 1876; x_wconf 74' lang='grc' dir='ltr'>λέγει</span> <span class='ocrx_word' id='word_1_246' title='bbox 1092 1821 1251 1875; x_wconf 74' lang='grc' dir='ltr'><em>Τυχιόν,</em></span> <span class='ocrx_word' id='word_1_247' title='bbox 1282 1816 1369 1864; x_wconf 57' lang='lat' dir='ltr'><strong>grav</strong></span> <span class='ocrx_word' id='word_1_248' title='bbox 1399 1821 1443 1864; x_wconf 68' lang='grc' dir='ltr'><strong>δὲ</strong></span> <span class='ocrx_word' id='word_1_249' title='bbox 1473 1820 1527 1878; x_wconf 77' lang='grc' dir='ltr'><strong>μὴ</strong></span> <span class='ocrx_word' id='word_1_250' title='bbox 1558 1821 1676 1881; x_wconf 83' lang='grc' dir='ltr'><strong>τύχῃ,</strong></span> <span class='ocrx_word' id='word_1_251' title='bbox 1707 1821 1910 1876; x_wconf 72' lang='grc' dir='ltr'>διοίχεται,</span> <span class='ocrx_word' id='word_1_252' title='bbox 1948 1824 1993 1863; x_wconf 89' lang='lat' dir='ltr'><strong>in</strong></span> <span class='ocrx_word' id='word_1_253' title='bbox 2031 1825 2095 1865; x_wconf 86' lang='lat' dir='ltr'><strong>eis</strong></span> <span class='ocrx_word' id='word_1_254' title='bbox 2138 1830 2349 1879; x_wconf 81' lang='lat' dir='ltr'><strong>pertenue</strong></span> 
     </span>
     <span class='ocr_line' id='line_1_24' title="bbox 249 1899 2349 1957; baseline -0 -15"><span class='ocrx_word' id='word_1_255' title='bbox 249 1900 483 1957; x_wconf 86' lang='lat' dir='ltr'><strong>vestigium</strong></span> <span class='ocrx_word' id='word_1_256' title='bbox 525 1900 776 1956; x_wconf 84' lang='lat' dir='ltr'><strong>agnoscitur</strong></span> <span class='ocrx_word' id='word_1_257' title='bbox 817 1900 1129 1942; x_wconf 87' lang='lat' dir='ltr'><strong>sententiarum</strong></span> <span class='ocrx_word' id='word_1_258' title='bbox 1172 1914 1281 1955; x_wconf 88' lang='lat' dir='ltr'><strong>quas</strong></span> <span class='ocrx_word' id='word_1_259' title='bbox 1318 1899 1541 1942; x_wconf 89' lang='lat' dir='ltr'><strong>Romanus</strong></span> <span class='ocrx_word' id='word_1_260' title='bbox 1580 1906 1712 1955; x_wconf 88' lang='lat' dir='ltr'><strong>poeta</strong></span> <span class='ocrx_word' id='word_1_261' title='bbox 1753 1900 1943 1942; x_wconf 86' lang='lat' dir='ltr'><strong>cuiusvis</strong></span> <span class='ocrx_word' id='word_1_262' title='bbox 1982 1900 2158 1955; x_wconf 86' lang='lat' dir='ltr'><strong>generis</strong></span> <span class='ocrx_word' id='word_1_263' title='bbox 2196 1915 2349 1954; x_wconf 87' lang='lat' dir='ltr'><strong>super-</strong></span> 
     </span>
     <span class='ocr_line' id='line_1_25' title="bbox 246 1964 2347 2031; baseline -0 -13"><span class='ocrx_word' id='word_1_264' title='bbox 246 1976 472 2018; x_wconf 88' lang='lat' dir='ltr'><strong>stitionum</strong></span> <span class='ocrx_word' id='word_1_265' title='bbox 516 1991 619 2020; x_wconf 86' lang='lat' dir='ltr'><strong>osor</strong></span> <span class='ocrx_word' id='word_1_266' title='bbox 655 1976 854 2031; x_wconf 88' lang='lat' dir='ltr'><strong>pluribus</strong></span> <span class='ocrx_word' id='word_1_267' title='bbox 896 1976 1042 2019; x_wconf 85' lang='lat' dir='ltr'><strong>verbis</strong></span> <span class='ocrx_word' id='word_1_268' title='bbox 1084 1964 1294 2018; x_wconf 84' lang='lat' dir='ltr'><strong>executus</strong></span> <span class='ocrx_word' id='word_1_269' title='bbox 1338 1981 1417 2018; x_wconf 91' lang='lat' dir='ltr'><strong>est.</strong></span> <span class='ocrx_word' id='word_1_270' title='bbox 1489 1976 1558 2018; x_wconf 85' lang='lat' dir='ltr'><strong>Ea</strong></span> <span class='ocrx_word' id='word_1_271' title='bbox 1600 1991 1704 2018; x_wconf 86' lang='lat' dir='ltr'><strong>vero</strong></span> <span class='ocrx_word' id='word_1_272' title='bbox 1745 1976 1879 2018; x_wconf 74' lang='lat' dir='ltr'><strong>verba</strong></span> <span class='ocrx_word' id='word_1_273' title='bbox 1920 1976 1965 2017; x_wconf 89' lang='lat' dir='ltr'><strong>in</strong></span> <span class='ocrx_word' id='word_1_274' title='bbox 1998 1975 2152 2018; x_wconf 84' lang='lat' dir='ltr'><strong>codice</strong></span> <span class='ocrx_word' id='word_1_275' title='bbox 2190 1976 2347 2018; x_wconf 82' lang='lat' dir='ltr'><strong>vitiose</strong></span> 
     </span>
     <span class='ocr_line' id='line_1_26' title="bbox 247 2051 2346 2110; baseline -0 -14"><span class='ocrx_word' id='word_1_276' title='bbox 247 2053 411 2110; x_wconf 88' lang='lat' dir='ltr'><strong>scripta</strong></span> <span class='ocrx_word' id='word_1_277' title='bbox 460 2069 557 2096; x_wconf 87' lang='lat' dir='ltr'><strong>esse</strong></span> <span class='ocrx_word' id='word_1_278' title='bbox 604 2053 800 2096; x_wconf 83' lang='lat' dir='ltr'><strong>arbitrati</strong></span> <span class='ocrx_word' id='word_1_279' title='bbox 845 2052 992 2096; x_wconf 89' lang='lat' dir='ltr'><strong>Maius</strong></span> <span class='ocrx_word' id='word_1_280' title='bbox 1032 2053 1239 2110; x_wconf 88' lang='lat' dir='ltr'><strong>primum,</strong></span> <span class='ocrx_word' id='word_1_281' title='bbox 1280 2051 1380 2095; x_wconf 92' lang='lat' dir='ltr'><strong>dein</strong></span> <span class='ocrx_word' id='word_1_282' title='bbox 1420 2052 1701 2096; x_wconf 87' lang='lat' dir='ltr'><strong>Heinrichius</strong></span> <span class='ocrx_word' id='word_1_283' title='bbox 1749 2051 2021 2095; x_wconf 85' lang='lat' dir='ltr'><strong>emendando</strong></span> <span class='ocrx_word' id='word_1_284' title='bbox 2061 2052 2106 2094; x_wconf 92' lang='lat' dir='ltr'><strong>in</strong></span> <span class='ocrx_word' id='word_1_285' title='bbox 2148 2052 2346 2095; x_wconf 90' lang='lat' dir='ltr'><strong>ordinem</strong></span> 
     </span>
     <span class='ocr_line' id='line_1_27' title="bbox 246 2130 2346 2188; baseline -0 -15"><span class='ocrx_word' id='word_1_286' title='bbox 246 2146 405 2188; x_wconf 86' lang='lat' dir='ltr'><strong>cogere</strong></span> <span class='ocrx_word' id='word_1_287' title='bbox 427 2130 699 2173; x_wconf 86' lang='lat' dir='ltr'><strong>studuerunt.</strong></span> <span class='ocrx_word' id='word_1_288' title='bbox 750 2130 947 2184; x_wconf 86' lang='lat' dir='ltr'><strong>Quorum</strong></span> <span class='ocrx_word' id='word_1_289' title='bbox 979 2131 1052 2173; x_wconf 87' lang='lat' dir='ltr'><strong>ille</strong></span> <span class='ocrx_word' id='word_1_290' title='bbox 1074 2146 1153 2187; x_wconf 90' lang='lat' dir='ltr'><strong>pro</strong></span> <span class='ocrx_word' id='word_1_291' title='bbox 1175 2131 1469 2173; x_wconf 68' lang='lat' dir='ltr'><strong>observationis</strong></span> <span class='ocrx_word' id='word_1_292' title='bbox 1500 2131 1647 2187; x_wconf 89' lang='lat' dir='ltr'><strong>posuit</strong></span> <span class='ocrx_word' id='word_1_293' title='bbox 1676 2131 1882 2184; x_wconf 65' lang='lat' dir='ltr'><strong>observat,</strong></span> <span class='ocrx_word' id='word_1_294' title='bbox 1913 2130 2025 2172; x_wconf 70' lang='lat' dir='ltr'><strong>Iovis</strong></span> <span class='ocrx_word' id='word_1_295' title='bbox 2060 2130 2167 2173; x_wconf 81' lang='lat' dir='ltr'><strong>Cum</strong></span> <span class='ocrx_word' id='word_1_296' title='bbox 2198 2147 2346 2187; x_wconf 79' lang='lat' dir='ltr'><strong>capra,</strong></span> 
     </span>
     <span class='ocr_line' id='line_1_28' title="bbox 246 2201 2343 2264; baseline -0 -13"><span class='ocrx_word' id='word_1_297' title='bbox 246 2209 496 2252; x_wconf 87' lang='lat' dir='ltr'><strong>coniectura</strong></span> <span class='ocrx_word' id='word_1_298' title='bbox 533 2201 754 2264; x_wconf 84' lang='lat' dir='ltr'><strong>speciosa,</strong></span> <span class='ocrx_word' id='word_1_299' title='bbox 796 2225 924 2263; x_wconf 90' lang='lat' dir='ltr'><strong>quam</strong></span> <span class='ocrx_word' id='word_1_300' title='bbox 960 2207 1110 2252; x_wconf 86' lang='lat' dir='ltr'><strong>Ovidii</strong></span> <span class='ocrx_word' id='word_1_301' title='bbox 1151 2209 1401 2251; x_wconf 82' lang='lat' dir='ltr'><strong>narratione</strong></span> <span class='ocrx_word' id='word_1_302' title='bbox 1441 2207 1496 2250; x_wconf 91' lang='lat' dir='ltr'><strong>de</strong></span> <span class='ocrx_word' id='word_1_303' title='bbox 1526 2208 1647 2252; x_wconf 86' lang='lat' dir='ltr'><strong>Iovis</strong></span> <span class='ocrx_word' id='word_1_304' title='bbox 1686 2209 1851 2263; x_wconf 87' lang='lat' dir='ltr'><strong>capella</strong></span> <span class='ocrx_word' id='word_1_305' title='bbox 1882 2208 2025 2263; x_wconf 84' lang='lat' dir='ltr'><strong>(Fast.</strong></span> <span class='ocrx_word' id='word_1_306' title='bbox 2050 2210 2090 2260; x_wconf 90' lang='lat'><strong>5,</strong></span> <span class='ocrx_word' id='word_1_307' title='bbox 2116 2211 2197 2250; x_wconf 91' lang='lat'><strong>111</strong></span> <span class='ocrx_word' id='word_1_308' title='bbox 2224 2211 2343 2263; x_wconf 87' lang='lat' dir='ltr'><strong>sqq.)</strong></span> 
     </span>
     <span class='ocr_line' id='line_1_29' title="bbox 242 2284 2343 2342; baseline -0.001 -12"><span class='ocrx_word' id='word_1_309' title='bbox 242 2285 408 2338; x_wconf 83' lang='lat' dir='ltr'><strong>firmat3</strong></span> <span class='ocrx_word' id='word_1_310' title='bbox 440 2301 620 2341; x_wconf 85' lang='lat' dir='ltr'><strong>eamque</strong></span> <span class='ocrx_word' id='word_1_311' title='bbox 653 2300 750 2328; x_wconf 87' lang='lat' dir='ltr'><strong>cum</strong></span> <span class='ocrx_word' id='word_1_312' title='bbox 774 2286 931 2329; x_wconf 87' lang='lat' dir='ltr'><strong>ceteris</strong></span> <span class='ocrx_word' id='word_1_313' title='bbox 954 2285 1155 2329; x_wconf 88' lang='lat' dir='ltr'><strong>omnibus</strong></span> <span class='ocrx_word' id='word_1_314' title='bbox 1188 2291 1279 2328; x_wconf 87' lang='lat' dir='ltr'><strong>tum</strong></span> <span class='ocrx_word' id='word_1_315' title='bbox 1300 2284 1559 2329; x_wconf 84' lang='lat' dir='ltr'><strong>Heinrichio</strong></span> <span class='ocrx_word' id='word_1_316' title='bbox 1580 2285 1793 2342; x_wconf 82' lang='lat' dir='ltr'><strong>probavit,</strong></span> <span class='ocrx_word' id='word_1_317' title='bbox 1826 2285 1900 2340; x_wconf 91' lang='lat' dir='ltr'><strong>qui</strong></span> <span class='ocrx_word' id='word_1_318' title='bbox 1921 2285 2032 2342; x_wconf 91' lang='lat' dir='ltr'><strong>ipse,</strong></span> <span class='ocrx_word' id='word_1_319' title='bbox 2063 2291 2115 2328; x_wconf 91' lang='lat' dir='ltr'><strong>ut</strong></span> <span class='ocrx_word' id='word_1_320' title='bbox 2139 2301 2237 2328; x_wconf 86' lang='lat' dir='ltr'><strong>cum</strong></span> <span class='ocrx_word' id='word_1_321' title='bbox 2259 2285 2343 2328; x_wconf 89' lang='lat' dir='ltr'><strong>hoc</strong></span> 
     </span>
     <span class='ocr_line' id='line_1_30' title="bbox 243 2360 2341 2419; baseline -0.001 -14"><span class='ocrx_word' id='word_1_322' title='bbox 243 2377 374 2406; x_wconf 86' lang='lat' dir='ltr'><strong>versu</strong></span> <span class='ocrx_word' id='word_1_323' title='bbox 405 2367 450 2405; x_wconf 90' lang='lat' dir='ltr'><strong>et</strong></span> <span class='ocrx_word' id='word_1_324' title='bbox 480 2377 577 2405; x_wconf 89' lang='lat' dir='ltr'><strong>cum</strong></span> <span class='ocrx_word' id='word_1_325' title='bbox 610 2361 740 2404; x_wconf 88' lang='lat' dir='ltr'><strong>tertio</strong></span> <span class='ocrx_word' id='word_1_326' title='bbox 769 2360 955 2404; x_wconf 70' lang='lat' dir='ltr'><strong>&#39;secundi</strong></span> <span class='ocrx_word' id='word_1_327' title='bbox 995 2377 1241 2405; x_wconf 87' lang='lat' dir='ltr'><strong>mensuram</strong></span> <span class='ocrx_word' id='word_1_328' title='bbox 1283 2368 1567 2419; x_wconf 81' lang='lat' dir='ltr'><strong>exaequaret,</strong></span> <span class='ocrx_word' id='word_1_329' title='bbox 1606 2362 1746 2404; x_wconf 81' lang='lat' dir='ltr'><strong>beluae</strong></span> <span class='ocrx_word' id='word_1_330' title='bbox 1788 2361 1964 2417; x_wconf 86' lang='lat' dir='ltr'><strong>scripsit</strong></span> <span class='ocrx_word' id='word_1_331' title='bbox 1994 2377 2075 2418; x_wconf 88' lang='lat' dir='ltr'><strong>pro</strong></span> <span class='ocrx_word' id='word_1_332' title='bbox 2108 2361 2341 2415; x_wconf 76' lang='lat' dir='ltr'><strong>beluarum,</strong></span> 
     </span>
     <span class='ocr_line' id='line_1_31' title="bbox 242 2437 2340 2497; baseline -0.001 -15"><span class='ocrx_word' id='word_1_333' title='bbox 242 2455 296 2482; x_wconf 87' lang='lat' dir='ltr'><strong>ne</strong></span> <span class='ocrx_word' id='word_1_334' title='bbox 328 2439 374 2482; x_wconf 90' lang='lat' dir='ltr'><strong>id</strong></span> <span class='ocrx_word' id='word_1_335' title='bbox 406 2438 580 2495; x_wconf 88' lang='lat' dir='ltr'><strong>quidem</strong></span> <span class='ocrx_word' id='word_1_336' title='bbox 611 2438 873 2497; x_wconf 82' lang='lat' dir='ltr'><strong>inconsulto.</strong></span> <span class='ocrx_word' id='word_1_337' title='bbox 938 2437 1028 2481; x_wconf 85' lang='lat' dir='ltr'><strong>Sed</strong></span> <span class='ocrx_word' id='word_1_338' title='bbox 1059 2453 1158 2480; x_wconf 87' lang='lat' dir='ltr'><strong>cum</strong></span> <span class='ocrx_word' id='word_1_339' title='bbox 1189 2439 1275 2480; x_wconf 91' lang='lat' dir='ltr'><strong>iam</strong></span> <span class='ocrx_word' id='word_1_340' title='bbox 1306 2439 1412 2495; x_wconf 79' lang='lat' dir='ltr'><strong>quid</strong></span> <span class='ocrx_word' id='word_1_341' title='bbox 1441 2441 1495 2480; x_wconf 71' lang='lat' dir='ltr'><strong>sit</strong></span> <span class='ocrx_word' id='word_1_342' title='bbox 1530 2438 1663 2481; x_wconf 79' lang='lat' dir='ltr'><strong>verba</strong></span> <span class='ocrx_word' id='word_1_343' title='bbox 1693 2437 1948 2494; x_wconf 82' lang='lat' dir='ltr'><strong>penderent,</strong></span> <span class='ocrx_word' id='word_1_344' title='bbox 1978 2438 2129 2481; x_wconf 88' lang='lat' dir='ltr'><strong>Maius</strong></span> <span class='ocrx_word' id='word_1_345' title='bbox 2159 2441 2340 2494; x_wconf 77' lang='lat' dir='ltr'><strong>quaerit,</strong></span> 
     </span>
     <span class='ocr_line' id='line_1_32' title="bbox 241 2514 2338 2571; baseline -0.001 -14"><span class='ocrx_word' id='word_1_346' title='bbox 241 2515 399 2558; x_wconf 89' lang='lat' dir='ltr'><strong>deinde</strong></span> <span class='ocrx_word' id='word_1_347' title='bbox 439 2530 526 2571; x_wconf 92' lang='lat' dir='ltr'><strong>quo</strong></span> <span class='ocrx_word' id='word_1_348' title='bbox 566 2515 842 2557; x_wconf 87' lang='lat' dir='ltr'><strong>coniecturae</strong></span> <span class='ocrx_word' id='word_1_349' title='bbox 872 2514 1158 2571; x_wconf 88' lang='lat' dir='ltr'><strong>probabilitas</strong></span> <span class='ocrx_word' id='word_1_350' title='bbox 1191 2520 1448 2570; x_wconf 86' lang='lat' dir='ltr'><strong>augeretur,</strong></span> <span class='ocrx_word' id='word_1_351' title='bbox 1485 2515 1623 2556; x_wconf 82' lang='lat' dir='ltr'><strong>forma</strong></span> <span class='ocrx_word' id='word_1_352' title='bbox 1659 2517 1838 2568; x_wconf 88' lang='lat' dir='ltr'><strong>antiqua</strong></span> <span class='ocrx_word' id='word_1_353' title='bbox 1877 2521 1921 2557; x_wconf 87' lang='lat' dir='ltr'><strong>et</strong></span> <span class='ocrx_word' id='word_1_354' title='bbox 1962 2515 2017 2557; x_wconf 89' lang='lat' dir='ltr'><strong>ab</strong></span> <span class='ocrx_word' id='word_1_355' title='bbox 2049 2514 2195 2556; x_wconf 86' lang='lat' dir='ltr'><strong>Ennio</strong></span> <span class='ocrx_word' id='word_1_356' title='bbox 2236 2514 2338 2556; x_wconf 88' lang='lat' dir='ltr'><strong>alibi</strong></span> 
     </span>
     <span class='ocr_line' id='line_1_33' title="bbox 240 2580 2336 2649; baseline -0.001 -15"><span class='ocrx_word' id='word_1_357' title='bbox 240 2580 465 2648; x_wconf 82' lang='lat' dir='ltr'><strong>usurpata,</strong></span> <span class='ocrx_word' id='word_1_358' title='bbox 510 2593 674 2649; x_wconf 67' lang='lat' dir='ltr'><strong>quaesit</strong></span> <span class='ocrx_word' id='word_1_359' title='bbox 710 2591 993 2633; x_wconf 87' lang='lat' dir='ltr'><strong>Heinrichius</strong></span> <span class='ocrx_word' id='word_1_360' title='bbox 1040 2597 1083 2633; x_wconf 90' lang='lat' dir='ltr'><strong>et</strong></span> <span class='ocrx_word' id='word_1_361' title='bbox 1126 2590 1212 2633; x_wconf 88' lang='lat' dir='ltr'><strong>iam</strong></span> <span class='ocrx_word' id='word_1_362' title='bbox 1257 2596 1356 2633; x_wconf 89' lang='lat' dir='ltr'><strong>ante</strong></span> <span class='ocrx_word' id='word_1_363' title='bbox 1395 2590 1693 2633; x_wconf 82' lang='lat' dir='ltr'><strong>Heinn&#39;chium</strong></span> <span class='ocrx_word' id='word_1_364' title='bbox 1731 2590 1993 2646; x_wconf 85' lang='lat' dir='ltr'><strong>Leopardus</strong></span> <span class='ocrx_word' id='word_1_365' title='bbox 2040 2590 2336 2634; x_wconf 88' lang='lat' dir='ltr'><strong>restituerunt.</strong></span> 
     </span>
     <span class='ocr_line' id='line_1_34' title="bbox 239 2656 2337 2725; baseline -0.002 -14"><span class='ocrx_word' id='word_1_366' title='bbox 239 2668 310 2711; x_wconf 90' lang='lat' dir='ltr'><strong>Ita</strong></span> <span class='ocrx_word' id='word_1_367' title='bbox 339 2667 646 2725; x_wconf 85' lang='lat' dir='ltr'><strong>progrediente</strong></span> <span class='ocrx_word' id='word_1_368' title='bbox 678 2667 890 2724; x_wconf 88' lang='lat' dir='ltr'><strong>paulatim</strong></span> <span class='ocrx_word' id='word_1_369' title='bbox 923 2666 1226 2709; x_wconf 87' lang='lat' dir='ltr'><strong>emendatione</strong></span> <span class='ocrx_word' id='word_1_370' title='bbox 1258 2683 1353 2709; x_wconf 87' lang='lat' dir='ltr'><strong>eam</strong></span> <span class='ocrx_word' id='word_1_371' title='bbox 1386 2666 1432 2708; x_wconf 92' lang='lat' dir='ltr'><strong>hi</strong></span> <span class='ocrx_word' id='word_1_372' title='bbox 1463 2682 1613 2709; x_wconf 88' lang='lat' dir='ltr'><strong>versus</strong></span> <span class='ocrx_word' id='word_1_373' title='bbox 1641 2667 1822 2708; x_wconf 83' lang='lat' dir='ltr'><strong>formam</strong></span> <span class='ocrx_word' id='word_1_374' title='bbox 1853 2666 2100 2720; x_wconf 87' lang='lat' dir='ltr'><strong>induerunt,</strong></span> <span class='ocrx_word' id='word_1_375' title='bbox 2131 2656 2221 2722; x_wconf 65' lang='lat' dir='ltr'><strong>qua</strong></span> <span class='ocrx_word' id='word_1_376' title='bbox 2250 2667 2337 2708; x_wconf 86' lang='lat' dir='ltr'><strong>iam</strong></span> 
     </span>
     <span class='ocr_line' id='line_1_35' title="bbox 237 2740 1909 2790; baseline -0.002 -1"><span class='ocrx_word' id='word_1_377' title='bbox 237 2745 328 2790; x_wconf 85' lang='lat' dir='ltr'><strong>fere</strong></span> <span class='ocrx_word' id='word_1_378' title='bbox 361 2744 627 2788; x_wconf 86' lang='lat' dir='ltr'><strong>circumferri</strong></span> <span class='ocrx_word' id='word_1_379' title='bbox 658 2745 703 2787; x_wconf 91' lang='lat' dir='ltr'><strong>in</strong></span> <span class='ocrx_word' id='word_1_380' title='bbox 735 2744 1000 2788; x_wconf 87' lang='lat' dir='ltr'><strong>editionibus</strong></span> <span class='ocrx_word' id='word_1_381' title='bbox 1032 2744 1187 2788; x_wconf 89' lang='lat' dir='ltr'><strong>solent.</strong></span> <span class='ocrx_word' id='word_1_382' title='bbox 1905 2740 1909 2743; x_wconf 95' lang='grc'><strong>’</strong></span> 
     </span>
    </p>

    <p class='ocr_par' dir='ltr' id='par_1_4' title="bbox 509 2820 1838 2879">
     <span class='ocr_line' id='line_1_36' title="bbox 509 2820 1838 2879; baseline -0.002 -14"><span class='ocrx_word' id='word_1_383' title='bbox 509 2822 849 2879; x_wconf 88' lang='lat' dir='ltr'><strong>Astrologorum</strong></span> <span class='ocrx_word' id='word_1_384' title='bbox 880 2822 1008 2878; x_wconf 90' lang='lat' dir='ltr'><strong>signa</strong></span> <span class='ocrx_word' id='word_1_385' title='bbox 1038 2822 1083 2863; x_wconf 91' lang='lat' dir='ltr'><strong>in</strong></span> <span class='ocrx_word' id='word_1_386' title='bbox 1116 2821 1238 2864; x_wconf 85' lang='lat' dir='ltr'><strong>caelo</strong></span> <span class='ocrx_word' id='word_1_387' title='bbox 1270 2822 1442 2876; x_wconf 88' lang='lat' dir='ltr'><strong>quaesit</strong></span> <span class='ocrx_word' id='word_1_388' title='bbox 1473 2821 1688 2873; x_wconf 87' lang='lat' dir='ltr'><strong>observat,</strong></span> <span class='ocrx_word' id='word_1_389' title='bbox 1720 2820 1838 2863; x_wconf 88' lang='lat' dir='ltr'><strong>Iovis</strong></span> 
     </span>
    </p>

    <p class='ocr_par' dir='ltr' id='par_1_5' title="bbox 510 2896 1970 2959">
     <span class='ocr_line' id='line_1_37' title="bbox 510 2896 1970 2959; baseline -0.001 -17"><span class='ocrx_word' id='word_1_390' title='bbox 510 2898 622 2942; x_wconf 89' lang='lat' dir='ltr'><strong>Cum</strong></span> <span class='ocrx_word' id='word_1_391' title='bbox 654 2913 788 2955; x_wconf 88' lang='lat' dir='ltr'><strong>capra</strong></span> <span class='ocrx_word' id='word_1_392' title='bbox 818 2904 894 2941; x_wconf 84' lang='lat' dir='ltr'><strong>aut</strong></span> <span class='ocrx_word' id='word_1_393' title='bbox 924 2914 1038 2955; x_wconf 87' lang='lat' dir='ltr'><strong>nepa</strong></span> <span class='ocrx_word' id='word_1_394' title='bbox 1069 2903 1145 2941; x_wconf 94' lang='lat' dir='ltr'><strong>aut</strong></span> <span class='ocrx_word' id='word_1_395' title='bbox 1176 2898 1370 2959; x_wconf 81' lang='lat' dir='ltr'><strong>exoritur</strong></span> <span class='ocrx_word' id='word_1_396' title='bbox 1399 2912 1557 2940; x_wconf 89' lang='lat' dir='ltr'><strong>nomen</strong></span> <span class='ocrx_word' id='word_1_397' title='bbox 1588 2896 1765 2953; x_wconf 85' lang='lat' dir='ltr'><strong>aliquod</strong></span> <span class='ocrx_word' id='word_1_398' title='bbox 1796 2897 1970 2941; x_wconf 87' lang='lat' dir='ltr'><strong>beluae:</strong></span> 
     </span>
    </p>

    <p class='ocr_par' dir='ltr' id='par_1_6' title="bbox 233 2973 2335 3187">
     <span class='ocr_line' id='line_1_38' title="bbox 509 2973 2036 3032; baseline -0.001 -13"><span class='ocrx_word' id='word_1_399' title='bbox 509 2975 643 3032; x_wconf 83' lang='lat' dir='ltr'><strong>Quod</strong></span> <span class='ocrx_word' id='word_1_400' title='bbox 674 2983 742 3019; x_wconf 87' lang='lat' dir='ltr'><strong>est</strong></span> <span class='ocrx_word' id='word_1_401' title='bbox 773 2980 873 3018; x_wconf 87' lang='lat' dir='ltr'><strong>ante</strong></span> <span class='ocrx_word' id='word_1_402' title='bbox 904 2975 1040 3032; x_wconf 89' lang='lat' dir='ltr'><strong>pedes</strong></span> <span class='ocrx_word' id='word_1_403' title='bbox 1071 2991 1200 3018; x_wconf 84' lang='lat' dir='ltr'><strong>nemo</strong></span> <span class='ocrx_word' id='word_1_404' title='bbox 1232 2981 1414 3032; x_wconf 82' lang='lat' dir='ltr'><strong>spectat,</strong></span> <span class='ocrx_word' id='word_1_405' title='bbox 1448 2973 1553 3017; x_wconf 88' lang='lat' dir='ltr'><strong>caeli</strong></span> <span class='ocrx_word' id='word_1_406' title='bbox 1587 2980 1838 3017; x_wconf 86' lang='lat' dir='ltr'><strong>scrutantur</strong></span> <span class='ocrx_word' id='word_1_407' title='bbox 1867 2974 2036 3032; x_wconf 87' lang='lat' dir='ltr'><strong>plagas.</strong></span> 
     </span>
     <span class='ocr_line' id='line_1_39' title="bbox 237 3051 2333 3109; baseline -0.001 -12"><span class='ocrx_word' id='word_1_408' title='bbox 237 3053 436 3097; x_wconf 84' lang='lat' dir='ltr'><strong>Naekius</strong></span> <span class='ocrx_word' id='word_1_409' title='bbox 476 3053 652 3109; x_wconf 90' lang='lat' dir='ltr'><strong>quidem</strong></span> <span class='ocrx_word' id='word_1_410' title='bbox 690 3053 744 3097; x_wconf 89' lang='lat' dir='ltr'><strong>ab</strong></span> <span class='ocrx_word' id='word_1_411' title='bbox 783 3051 1038 3096; x_wconf 86' lang='lat' dir='ltr'><strong>Heinrichio</strong></span> <span class='ocrx_word' id='word_1_412' title='bbox 1079 3052 1306 3096; x_wconf 85' lang='lat' dir='ltr'><strong>consultus</strong></span> <span class='ocrx_word' id='word_1_413' title='bbox 1344 3051 1658 3094; x_wconf 89' lang='lat' dir='ltr'><strong>dubitationem</strong></span> <span class='ocrx_word' id='word_1_414' title='bbox 1695 3058 1891 3095; x_wconf 88' lang='lat' dir='ltr'><strong>moverat</strong></span> <span class='ocrx_word' id='word_1_415' title='bbox 1931 3068 1985 3095; x_wconf 90' lang='lat' dir='ltr'><strong>an</strong></span> <span class='ocrx_word' id='word_1_416' title='bbox 2014 3053 2118 3109; x_wconf 80' lang='lat' dir='ltr'><strong>quid</strong></span> <span class='ocrx_word' id='word_1_417' title='bbox 2155 3055 2211 3096; x_wconf 71' lang='lat' dir='ltr'><strong>eit</strong></span> <span class='ocrx_word' id='word_1_418' title='bbox 2245 3068 2333 3096; x_wconf 89' lang='lat' dir='ltr'><strong>non</strong></span> 
     </span>
     <span class='ocr_line' id='line_1_40' title="bbox 233 3127 2335 3187; baseline -0.001 -12"><span class='ocrx_word' id='word_1_419' title='bbox 233 3130 329 3175; x_wconf 90' lang='lat' dir='ltr'><strong>iure</strong></span> <span class='ocrx_word' id='word_1_420' title='bbox 359 3135 614 3184; x_wconf 81' lang='lat' dir='ltr'><strong>mutaretur,</strong></span> <span class='ocrx_word' id='word_1_421' title='bbox 646 3129 809 3187; x_wconf 90' lang='lat' dir='ltr'><strong>quippe</strong></span> <span class='ocrx_word' id='word_1_422' title='bbox 841 3144 952 3185; x_wconf 90' lang='lat' dir='ltr'><strong>quae</strong></span> <span class='ocrx_word' id='word_1_423' title='bbox 985 3128 1118 3173; x_wconf 61' lang='lat' dir='ltr'><strong>x&#39;erba</strong></span> <span class='ocrx_word' id='word_1_424' title='bbox 1149 3135 1250 3186; x_wconf 87' lang='lat' dir='ltr'><strong>apte</strong></span> <span class='ocrx_word' id='word_1_425' title='bbox 1280 3128 1423 3171; x_wconf 88' lang='lat' dir='ltr'><strong>locum</strong></span> <span class='ocrx_word' id='word_1_426' title='bbox 1455 3127 1498 3170; x_wconf 90' lang='lat' dir='ltr'><strong>in</strong></span> <span class='ocrx_word' id='word_1_427' title='bbox 1520 3127 1603 3171; x_wconf 89' lang='lat' dir='ltr'><strong>hac</strong></span> <span class='ocrx_word' id='word_1_428' title='bbox 1637 3128 1831 3171; x_wconf 89' lang='lat' dir='ltr'><strong>oratione</strong></span> <span class='ocrx_word' id='word_1_429' title='bbox 1864 3128 2112 3173; x_wconf 85' lang='lat' dir='ltr'><strong>obtinerent</strong></span> <span class='ocrx_word' id='word_1_430' title='bbox 2142 3131 2189 3173; x_wconf 78' lang='lat' dir='ltr'><strong>in</strong></span> <span class='ocrx_word' id='word_1_431' title='bbox 2219 3131 2335 3173; x_wconf 84' lang='lat' dir='ltr'><strong>caelo</strong></span> 
     </span>
    </p>
   </div>
   <div class='ocr_carea' id='block_1_3' title="bbox 472 80 2534 110">
    <p class='ocr_par' dir='ltr' id='par_1_7' title="bbox 472 80 2534 111">
     <span class='ocr_line' id='line_1_41' title="bbox 472 80 2534 110; baseline 0.002 -3"><span class='ocrx_word' id='word_1_432' title='bbox 472 84 484 89; x_wconf 61' lang='grc'>“</span> <span class='ocrx_word' id='word_1_433' title='bbox 585 80 671 98; x_wconf 40' lang='grc' dir='ltr'><strong>»ἡ</strong></span> <span class='ocrx_word' id='word_1_434' title='bbox 769 90 771 93; x_wconf 51' lang='grc'><strong>&lt;</strong></span> <span class='ocrx_word' id='word_1_435' title='bbox 843 91 871 108; x_wconf 87' lang='lat'><strong>-·</strong></span> <span class='ocrx_word' id='word_1_436' title='bbox 1153 82 1164 102; x_wconf 61' lang='grc' dir='ltr'><strong>ε</strong></span> <span class='ocrx_word' id='word_1_437' title='bbox 1994 96 2002 102; x_wconf 86' lang='lat'><em>-</em></span> <span class='ocrx_word' id='word_1_438' title='bbox 2122 94 2129 99; x_wconf 59' lang='grc' dir='ltr'><em>ι</em></span> <span class='ocrx_word' id='word_1_439' title='bbox 2177 96 2182 100; x_wconf 90' lang='grc'><strong>-</strong></span> <span class='ocrx_word' id='word_1_440' title='bbox 2346 85 2406 110; x_wconf 55' lang='lat'><strong>2²⁴-</strong></span> <span class='ocrx_word' id='word_1_441' title='bbox 2459 106 2462 109; x_wconf 92' lang='lat'>.</span> <span class='ocrx_word' id='word_1_442' title='bbox 2519 94 2534 110; x_wconf 81' lang='grc'><strong>·,</strong></span> 
     </span>
    </p>
   </div>
  </div>
 </body>
</html>
