2703 3485
557 289 558 292 Ἰ
744 256 746 258 ,
1396 204 1740 292 ruffina,
1746 220 1995 287 opmamur.
2026 179 2186 273 Ram
2195 208 2292 273 etsi
2312 231 2404 272 non

427 331 438 343 ‚
588 274 777 362 saepius
814 315 914 351 cnm
953 302 1083 349 alibi
1081 265 1206 348 tum
1218 297 1286 348 in
1298 288 1514 352 Senecae
1539 304 1663 349 libris
1703 296 2021 362 permutandis
2040 304 2274 350 noniinnm
2296 303 2405 348 vici-

203 401 225 428 ·.
253 387 274 413 ¹5*
304 383 468 434 minut
500 378 879 426 terminationibus
918 380 1148 439 peccatum
1185 395 1283 426 esse
1322 396 1350 425 a
1377 379 1589 436 librariis,
1629 380 1738 437 quid
1772 396 1883 438 opus
1923 388 1992 425 est
2028 388 2198 425 mutare
2228 379 2407 434 tradita,

142 455 185 491 ·ἶ’
228 473 236 497 1
266 500 271 516 Ἰ.
293 452 430 512 ‚cnm
445 471 536 501 non
575 456 806 502 audaciore
834 471 1025 516 genere
1039 448 1212 502 dicendi
1248 455 1422 503 Seneca
1455 465 1556 501 ants
1590 471 1766 501 cun-um
1803 458 1887 515 eqit
1917 457 2073 502 Persen
2108 457 2262 516 inclyti
2297 471 2407 514 regu

273 554 275 556 ·
300 547 455 586 nomen
480 533 720 591 scripserit,
745 547 874 591 quam
896 532 1054 578 Cicero
1074 549 1161 578 non
1180 532 1367 590 beneficii
1381 541 1541 578 certum
1560 549 1710 578 nomen
1732 542 1842 593 peto,
1877 549 2006 592 quam
2027 534 2199 579 Ennius
2220 535 2408 578 emantur

205 606 214 616 ’
247 678 250 682 ¹
306 611 485 672 aliquod
512 627 662 656 nomen
694 612 924 656 beluarum.
970 612 1047 656 Et
1078 611 1248 656 aceedit
1286 611 1404 657 aliud
1435 627 1522 667 quo
1554 613 1693 670 magis
1736 613 1853 655 illam
1894 628 2042 655 veram
2082 627 2178 655 esse
2209 609 2405 655 Senecae

307 703 481 733 manum
514 688 808 751 confirmetur.
871 688 1044 735 Seneca
1079 689 1193 733 enim
1233 705 1332 733 cum
1363 688 1438 732 illo
1479 689 1677 747 exemplo
1708 688 1836 733 Pauli
1867 696 2079 743 uteretur,
2118 704 2285 731 memor
2314 695 2406 730 erat

307 765 441 821 Livii,
471 765 546 823 qui
576 765 632 811 de
663 765 788 811 Pauli
819 765 1040 823 triumpho
1080 782 1150 810 res
1183 771 1305 810 actas
1336 765 1640 824 insignemque
1671 767 1764 811 eius
1796 783 1876 824 per
1916 766 2092 810 eosdem
2124 766 2217 809 dies
2250 780 2406 822 accep—

307 847 398 887 tam
437 841 604 888 cladem
645 842 927 889 domesticam
969 844 1141 902 prolixa
1181 844 1430 888 narratione
1473 851 1729 901 persecutus
1768 851 1835 888 est
1867 843 1988 900 (vide
2019 843 2215 901 inprimis
2245 843 2320 886 lib.
2348 844 2404 886 45

309 933 347 962 c.
370 920 430 964 40
461 925 505 963 et
536 921 628 977 41).
670 921 818 978 Atque
847 921 885 965 is
917 922 962 965 in
983 936 1035 965 ea
1060 921 1272 975 oratione,
1302 936 1391 977 qua
1411 919 1621 965 Servilius
1655 920 1813 965 milites
1839 920 2028 965 Aemilio
2049 920 2187 964 Paulo
2218 919 2405 963 meritis-

310 995 419 1039 simo
441 994 543 1040 duci
564 996 830 1055 triumphum
853 997 1148 1057 denegaturos
1168 996 1418 1057 ponderosa
1439 997 1669 1043 severitate
1693 998 1897 1057 castigat,
1930 997 2048 1042 hunc
2069 997 2214 1041 locum
2235 995 2406 1040 induxit

310 1073 567 1130 gravissime
609 1074 703 1130 (lib.
728 1076 800 1130 45,
822 1076 892 1130 39,
906 1076 967 1134 7).
1035 1074 1147 1130 Quos
1179 1074 1357 1136 Syphax
1387 1090 1471 1118 reat·
1490 1084 1650 1135 captus,
1688 1078 1864 1120 accessio
1896 1076 2057 1121 Punici
2085 1075 2193 1129 belli,
2234 1089 2406 1118 concur-

309 1166 381 1194 sus
406 1150 576 1206 fecerit,
609 1153 804 1211 plerique
842 1155 1114 1198 meminimus.
1178 1154 1374 1198 Perseus
1396 1169 1469 1197 reat
1505 1162 1675 1212 captus,
1715 1154 1943 1213 Philippus
1983 1162 2024 1197 st
2052 1153 2300 1197 Alexander
2319 1151 2411 1206 filii

309 1230 433 1286 reqis,
465 1237 585 1272 tanta
616 1231 802 1284 nomina,
835 1231 1134 1275 subtrahentur
1162 1232 1345 1274 civitatis
1375 1230 1535 1274 oculis?
1579 1230 1804 1275 Habemus
1843 1238 2079 1285 auctorem,
2118 1245 2206 1287 quo
2239 1228 2408 1273 Seneca

310 1305 386 1350 illa
404 1307 558 1365 inclyti
574 1308 684 1365 reqis
702 1323 850 1351 nomen
873 1307 1051 1366 scripsit
1072 1312 1184 1366 quae
1207 1306 1338 1351 hodie
1359 1307 1632 1351 damnantur.
1686 1308 1776 1354 Sed
1797 1308 1902 1365 quid
1923 1324 2005 1352 nos
2027 1307 2164 1352 alios?
2200 1306 2304 1365 Ipse
2326 1306 2409 1349 sibi

312 1381 483 1427 Seneca
514 1384 621 1428 satis
643 1385 789 1443 gravis
811 1385 938 1429 testis
969 1386 1128 1440 extitit,
1159 1386 1234 1443 qui
1255 1400 1407 1429 rursus
1430 1385 1487 1428 ad
1509 1385 1692 1429 eandem
1713 1385 1888 1429 dicendi
1917 1387 2101 1429 formam
2131 1384 2187 1428 de
2215 1384 2407 1429 clemen-

312 1460 375 1503 tia
399 1463 438 1515 1,
462 1461 571 1514 26‚2
604 1470 882 1519 apparentur,
911 1463 1068 1518 inquit,
1099 1463 1193 1507 licet
1219 1478 1378 1520 mayna
1415 1464 1603 1521 impensa
1634 1472 1672 1505 et
1701 1465 1825 1521 reyiis
1853 1463 2001 1521 opibus
2030 1471 2071 1506 et
2098 1461 2311 1517 artificum
2340 1475 2410 1503 ea·-

312 1540 478 1596 quisitis
508 1539 759 1594 nominibus,
790 1556 912 1598 quem
944 1549 1080 1585 tamen
1112 1541 1208 1584 ludi
1234 1542 1282 1584 in
1311 1556 1473 1584 carcere
1508 1540 1678 1583 iuvent?
1721 1540 1844 1595 Quae
1885 1541 1923 1584 si
1963 1541 2158 1583 severius
2199 1539 2256 1582 ad
2287 1538 2409 1595 cogi·

311 1614 434 1660 tandi
479 1631 673 1660 normam
717 1616 890 1675 exigere
941 1616 1074 1673 velis,
1121 1616 1213 1661 ludi
1261 1633 1351 1660 non
1399 1618 1539 1675 magis
1581 1624 1851 1674 ‘apparantur
1896 1617 2144 1661 nominibus
2191 1615 2407 1659 artificum

312 1708 441 1750 quam
473 1693 590 1752 regis
621 1708 780 1737 nomen
812 1701 912 1737 ante
945 1709 1117 1738 currum
1155 1694 1340 1738 ducitur.
1401 1694 1569 1738 Tamen
1607 1701 1656 1737 ut
1695 1694 1803 1738 haec
1841 1711 1937 1738 esse
1979 1694 2203 1737 verissime
2244 1693 2410 1750 scripta

311 1769 576 1825 iudicamus,
616 1771 775 1828 quibus
813 1772 970 1816 similia
1008 1779 1158 1816 extant
1187 1772 1231 1815 in
1263 1771 1563 1815 consolatione
1596 1771 1652 1814 ad
1682 1772 1882 1814 Helviam
1910 1775 1976 1823 11,
1995 1775 2045 1825 4,
2077 1773 2141 1814 ita
2171 1771 2411 1814 nominibus

313 1847 523 1903 artificum
554 1847 764 1893 vindicari
803 1848 1063 1893 arbitramur
1093 1850 1229 1894 v‘erba
1259 1848 1542 1912 addubitata,
1584 1865 1694 1906 quae
1726 1850 1770 1892 in
1806 1850 1990 1893 Minucii
2021 1849 2183 1893 Felicis
2218 1848 2407 1892 Octavio

313 1941 355 1983 p.
373 1927 421 1981 9,
444 1926 500 1970 22
531 1926 759 1985 leguntur,
798 1927 900 1970 dum
936 1935 1123 1971 eoeercent
1150 1929 1198 1971 in
1230 1929 1361 1971 armis
1391 1929 1584 1971 virtutem
1615 1928 1871 1984 reliqiosam,
1904 1928 2006 1970 dum
2037 1928 2181 1970 urbem
2210 1928 2414 1968 muniunt

313 2017 529 2047 sacrorum
559 2003 849 2062 reliqionibue‚
889 2006 1016 2048 castis
1057 2003 1310 2062 viryinibus,
1349 2005 1494 2049 multis
1530 2004 1752 2048 bonoribus
1781 2021 1832 2048 ac
1862 2003 2101 2048 nominibus
2137 2004 2409 2055 sacerdotum,

314 2081 416 2124 dum
454 2080 607 2124 obsessi
641 2089 681 2125 et
717 2083 825 2125 citra
863 2082 998 2137 solum
1032 2081 1286 2140 Capitolium
1316 2083 1435 2140 capti
1463 2082 1607 2125 colunt
1641 2083 1734 2125 deos
1773 2090 1853 2125 cet.
1915 2081 2144 2125 Usenerus
2176 2080 2291 2123 enim
2324 2078 2412 2122 Mi-

313 2157 490 2201 nucium
527 2172 616 2202 non
653 2158 797 2202 multis
834 2157 1056 2203 bonoribus
1088 2175 1139 2203 ac
1179 2158 1418 2203 nominibus
1455 2157 1534 2204 sed
1572 2159 1716 2203 multis
1750 2158 1986 2216 aqminibus
2026 2157 2289 2201 sacerdotum
2331 2154 2407 2199 de-

314 2234 432 2280 disse
471 2235 719 2295 suspicatus
761 2242 840 2280 est.
905 2234 989 2280 Cui
1036 2227 1311 2281 coniecturae
1357 2237 1466 2282 satis
1508 2236 1665 2281 audaci
1710 2252 1791 2280 nos
1831 2236 2060 2293 quominus
2100 2235 2404 2287 assentiamus,

314 2312 400 2356 iam
431 2327 484 2357 eo
504 2313 788 2372 prohibemur
818 2313 936 2371 quod
966 2319 1009 2358 et
1031 2313 1291 2359 Ciceronem
1321 2314 1596 2359 meminimus
1629 2314 1817 2359 scribere
1843 2313 2146 2371 ‚reyishonore
2174 2320 2215 2356 et
2242 2313 2408 2355 nomine

314 2406 394 2448 pro
426 2390 574 2435 Deiot.
599 2392 640 2453 5,
665 2393 719 2434 14
753 2391 827 2448 (cf.
862 2389 917 2434 ad
947 2391 1047 2435 fam.
1073 2393 1285 2450 16‚12‚2)
1318 2399 1362 2437 et
1392 2391 1627 2436 Horatium
1658 2393 1788 2436 honor
1815 2399 1855 2435 et
1882 2405 2029 2434 nomen
2060 2391 2216 2433 divinis
2246 2388 2410 2432 vatibus

314 2476 440 2527 atque
474 2469 744 2513 Carminibus
773 2471 885 2513 venit
913 2470 958 2512 in
989 2475 1082 2514 arte
1104 2471 1211 2523 400;
1245 2476 1292 2514 ut
1321 2476 1530 2528 appareat
1560 2475 1768 2514 consueto
1800 2484 1918 2512 more
1948 2469 2112 2512 honor-is
2144 2482 2197 2511 ac
2228 2467 2410 2509 nominis

315 2545 531 2588 vocabula
562 2546 781 2603 coniungi.
845 2545 936 2590 Sed
966 2547 1166 2589 nimirum
1197 2546 1383 2590 Romani
1422 2562 1509 2590 non
1550 2547 1794 2590 nominibus
1825 2544 2100 2589 sacerdotum
2131 2544 2284 2587 urbem
2314 2557 2409 2586 mu-

315 2622 502 2677 nierunt,
534 2622 613 2667 sed
643 2622 960 2677 sacerdotibus,
992 2629 1036 2666 et
1066 2623 1151 2666 hoc
1181 2624 1323 2681 ipsum
1356 2624 1495 2667 voluit
1515 2624 1751 2677 Minucius,
1783 2637 1881 2665 cum
1911 2622 1986 2664 illa
2007 2621 2231 2674 scriberet,
2264 2634 2408 2663 sacer-

317 2698 494 2744 dotibus
540 2700 750 2743 munitam
791 2700 943 2744 urbem
983 2715 1079 2745 esse
1118 2700 1339 2753 honorum,
1379 2702 1614 2745 multorum
1660 2715 1712 2743 ac
1755 2699 1989 2743 nominum.
2058 2697 2302 2742 Possumus
2341 2697 2410 2740 his

317 2775 503 2821 adiicere
541 2778 640 2832 alia,
678 2777 798 2820 velut
828 2777 1060 2822 Petronius
1100 2794 1212 2834 quae
1247 2778 1400 2823 scribit
1431 2794 1468 2821 c.
1492 2780 1545 2822 81
1593 2778 1706 2835 Erqo
1736 2792 1798 2820 me
1836 2792 1920 2819 non
1950 2779 2081 2818 ruina
2122 2784 2236 2818 terra
2266 2777 2413 2833 potuit

317 2852 506 2908 haurire,
550 2869 636 2898 non
676 2855 837 2897 iratum
875 2855 1001 2898 etiam
1037 2854 1321 2899 innocentibus
1359 2855 1509 2899 mare?
1552 2853 1678 2912 effuqi
1720 2855 1944 2908 iudicium,
1992 2853 2176 2897 harenae
2218 2853 2411 2911 imposui,

317 2930 514 2987 hospitem
554 2932 710 2986 occidi,
751 2939 801 2974 ut
838 2934 951 2975 inter
983 2939 1039 2975 tot
1067 2933 1278 2977 audaciae
1307 2934 1479 2977 nomina
1510 2932 1723 2976 mendicus
1753 2931 1851 2975 exul
1885 2932 1932 2974 in
1963 2930 2193 2974 deversorio
2230 2928 2417 2976 Graecae

317 3007 435 3048 urbis
463 3009 641 3051 iacerem
671 3011 856 3052 desertus
888 3014 931 3052 et
962 3024 998 3053 c.
1026 3010 1109 3053 127
1142 3024 1215 3054 nec
1245 3011 1335 3054 sine
1363 3025 1493 3054 causa
1524 3010 1766 3068 Polyaenon
1800 3008 1917 3053 Circe
1945 3015 2085 3051 amat:
2116 3021 2275 3067 semper
2303 3008 2414 3051 inter

318 3085 418 3127 haec
458 3088 630 3128 nomina
670 3103 828 3145 mayna
856 3086 943 3141 sax
980 3089 1132 3146 sumit,
1173 3102 1284 3145 quae
1326 3088 1428 3131 olim
1471 3086 1780 3130 vetustioribus
1828 3085 2138 3143 interpretibus
2185 3084 2415 3130 offensioni

2109 3166 2138 3212 2
2170 3183 2173 3185 ,
