2703 3485
197 384 244 424 21¹·
261 370 271 435 {1
287 370 555 430 ᾒῃᾶιωῒ,
566 385 670 416 non
686 352 855 418 codicis
871 372 1095 435 memoria
1122 343 1204 421 sed
1221 357 1345 420 Maii
1375 373 1589 420 correctio
1618 389 1774 418 versus
1801 374 1932 431 primi
1953 372 2245 430 procreavit.
2266 370 2402 425 Codi-

300 464 397 503 ew
417 447 542 494 enim
571 447 612 493 si
641 447 878 505 sequimur,
907 449 1072 507 probos
1100 449 1360 514 babebimus
1390 449 1641 494 octonarios
1672 449 1800 505 duos,
1832 450 1989 507 quibus
2009 448 2120 494 nihil
2139 448 2404 507 prohibebat

304 524 537 584 quominus
566 523 722 568 tertius
754 524 1011 571 adhaereret
1040 507 1329 585 septenarius.

568 603 920 661 Astrologorum*
938 604 1067 662 signa
1096 604 1142 647 in
1173 604 1296 647 caelo
1328 604 1435 662 quid
1466 605 1524 648 sit
1555 604 1891 659 observationis,

568 677 683 720 Cum
715 692 848 737 capra
878 686 954 722 aut
983 694 1098 737 nepa
1129 686 1206 723 aut
1236 681 1432 722 exoritur
1459 695 1619 727 nomen
1650 681 1829 737 aliquod
1859 681 2108 723 beluarum:

572 754 706 807 Quod
736 763 804 798 est
834 763 936 798 ante
965 756 1102 812 pedes
1131 771 1259 799 nemo
1292 762 1478 813 spectat,
1509 758 1619 800 caeli
1648 764 1900 799 scrutantur
1929 757 2098 813 plagas.

504 831 632 874 Haec
661 846 743 874 nos
776 831 880 874 dum
912 833 1056 875 animo
1095 832 1451 889 complectimur,
1487 833 1615 876 valde
1653 835 1795 877 vereri
1833 833 2090 890 incipimus,
2131 839 2182 873 ut
2217 847 2295 889 per
2332 839 2400 874 tot

297 908 545 962 molimina,
585 921 684 950 cum
715 908 852 951 altera
883 909 1066 951 alteram
1096 910 1384 953 mutationem
1413 915 1592 966 poscat,
1631 909 1877 953 emendatio
1916 909 2071 952 horum
2107 923 2310 952 versuum
2341 908 2398 950 ad

297 989 464 1028 certum
494 984 628 1027 finem
657 984 870 1041 perducta
900 986 978 1038 sit3
1010 986 1055 1028 in
1076 986 1235 1042 quibus
1255 992 1485 1043 peccatum
1518 1002 1615 1030 esse
1635 988 1838 1030 nimirum
1871 992 1915 1029 et
1945 987 2030 1043 ipsi
2060 986 2266 1037 fatemur3
2299 1000 2396 1028 cum

298 1061 414 1105 enim
445 1060 613 1116 reliqua
641 1060 768 1104 facile
800 1061 1119 1119 intelligantur,
1160 1078 1295 1105 unum
1333 1066 1388 1105 eit
1427 1063 1544 1106 unde
1573 1070 1752 1122 regatur
1782 1063 2019 1106 obscurum
2051 1070 2141 1115 est,
2179 1076 2263 1104 nec
2294 1077 2396 1104 vero

297 1136 504 1181 credibile
537 1136 795 1180 Ciceronem
825 1153 913 1180 non
942 1139 1115 1195 plenam
1154 1139 1415 1182 sententiam
1453 1141 1721 1196 ascripsisse.
1767 1140 1891 1197 Ergo
1930 1140 2046 1181 hanc
2077 1154 2174 1181 esse
2207 1139 2397 1180 certissi-

294 1229 408 1256 mam
441 1212 588 1256 sedem
620 1214 776 1256 erroris
808 1214 1027 1267 efficitur,
1048 1216 1123 1271 qui
1154 1221 1204 1258 ut
1236 1216 1463 1269 eximatur,
1494 1232 1582 1258 non
1614 1216 1813 1272 graviore
1845 1214 2038 1258 remedio
2060 1229 2172 1270 opus
2204 1220 2286 1268 est,
2318 1214 2396 1256 sed

298 1305 387 1333 una
416 1295 585 1332 mutata
612 1290 758 1332 littera
776 1290 836 1343 fit
864 1306 944 1346 pro
974 1293 1029 1333 eit
1060 1291 1316 1344 scribentes,
1354 1307 1558 1335 mensura
1586 1307 1790 1334 versuum
1821 1292 2001 1344 intacta,
2040 1291 2300 1333 sententiam
2332 1305 2398 1332 re·

297 1379 558 1422 cuperamus
591 1371 636 1407 et
664 1366 838 1422 plenam
870 1373 915 1409 et
943 1367 1219 1424 perspicuam
1251 1382 1334 1409 nec
1364 1372 1498 1425 poeta
1526 1367 1763 1425 indignam.

566 1441 904 1500 Astrologorum
937 1444 1065 1501 signa
1094 1444 1139 1486 in
1171 1444 1293 1487 caelo
1324 1443 1431 1500 quid
1461 1444 1513 1486 fit
1542 1443 1877 1497 observationis,

565 1517 677 1562 Cum
711 1533 841 1575 capra
872 1525 949 1563 aut
978 1535 1094 1576 nepa
1125 1526 1202 1563 aut
1232 1521 1424 1565 exoritur
1454 1536 1614 1564 nomen
1645 1520 1824 1577 aliquod
1855 1519 2105 1563 beluarum:

566 1593 701 1650 Quod
733 1602 801 1640 est
832 1602 933 1639 ante
963 1595 1100 1653 pedes
1132 1612 1260 1641 nemo
1293 1603 1481 1655 spectat,
1513 1597 1622 1641 caeli
1654 1603 1907 1642 scrutantur
1936 1596 2103 1654 plagas.

295 1671 495 1727 Quorum
525 1688 729 1716 versuum
761 1672 879 1715 hunc
910 1688 1006 1716 esse
1043 1688 1219 1717 sensum
1249 1674 1450 1718 volumus
1484 1681 1532 1717 ut
1552 1674 1749 1718 Achilles
1787 1673 2130 1717 admirabundus
2161 1688 2260 1716 cum
2292 1687 2396 1716 con-

293 1755 464 1808 temptu
496 1749 731 1793 exclamet:
762 1747 1099 1808 ‘astrologorum
1131 1766 1244 1808 quae
1275 1750 1387 1795 fiunt
1418 1751 1749 1795 observationes
1781 1751 2006 1809 signorum
2045 1751 2089 1793 in
2121 1750 2257 1805 caelo,
2296 1765 2394 1793 cum

294 1841 427 1884 capra
456 1832 533 1870 aut
563 1841 677 1883 nepa
708 1832 783 1870 aut
813 1826 989 1883 aliquod
1022 1834 1188 1875 astrum
1229 1829 1446 1872 exoritur:
1490 1828 1610 1885 quod
1650 1834 1751 1873 ante
1789 1828 1924 1885 pedes
1966 1834 2034 1871 est
2074 1843 2203 1871 nemo
2245 1842 2394 1871 eorum

292 1908 479 1964 spectat,
510 1903 618 1946 caeli
651 1909 902 1946 scrutantur
933 1903 1119 1962 plagas.'
1178 1904 1232 1947 In
1264 1905 1423 1960 quibus
1468 1919 1567 1947 cum
1596 1905 1683 1948 iam
1715 1904 2037 1962 astrologorum
2069 1919 2157 1946 non
2189 1904 2317 1961 signa
2346 1910 2396 1945 ut

294 1985 397 2023 ante
430 1979 698 2028 sedoectius
730 1980 978 2023 observatio
1017 1980 1212 2035 dicatur,
1249 1987 1342 2023 tum
1380 1997 1497 2024 nemo
1537 1982 1669 2024 tertio
1708 1996 1839 2025 versu
1878 1980 2187 2038 percommode
2217 1987 2395 2022 nactum

292 2064 360 2101 est
391 2071 478 2114 quo
509 2057 736 2112 referatur,
767 2056 954 2113 denique
985 2059 1109 2115 aigyna
1139 2060 1186 2101 in
1209 2059 1322 2101 caelo
1343 2058 1462 2115 quod
1489 2059 1544 2103 ab
1576 2059 1856 2102 observatione
1876 2056 2082 2115 pendent,
2113 2058 2393 2115 agnoscimus

290 2149 418 2178 usum
449 2149 538 2176 non
568 2134 890 2190 infrequentem
923 2134 968 2176 in
999 2134 1146 2176 Plauti
1176 2134 1337 2178 fabulis
1368 2149 1451 2177 nec
1481 2150 1508 2178 a
1537 2135 1781 2191 posteriore
1821 2134 2038 2176 latinitate
2078 2148 2259 2189 prorsus
2292 2133 2395 2175 alie-

289 2225 410 2264 num,
439 2225 527 2266 quo
558 2210 735 2253 nomina
765 2209 960 2252 verbalia
988 2211 1032 2252 in
1062 2209 1301 2254 formandis
1333 2211 1568 2254 enuntiatis
1598 2210 1740 2269 legem
1774 2216 2017 2266 sequuntur
2046 2209 2292 2252 verborum.

491 2286 648 2343 Itaque
693 2287 729 2330 si
770 2286 879 2330 forte
921 2287 1106 2344 contigit
1141 2288 1270 2331 nobis
1310 2294 1362 2330 ut
1398 2288 1647 2331 universam
1688 2287 1844 2330 horum
1882 2302 2086 2330 versuum
2131 2286 2391 2331 sententiam

290 2363 607 2423 stabiliremus,
637 2369 839 2421 superest
870 2369 920 2405 ut
951 2363 1005 2406 de
1036 2366 1203 2407 nomine
1234 2365 1453 2407 beluarum
1483 2364 1704 2418 dicamus,
1734 2378 1822 2420 quo
1854 2363 1909 2407 de
1941 2362 2246 2416 Heinrichius,
2276 2362 2390 2418 peri·

290 2440 470 2498 phrasin
502 2454 598 2484 esse
630 2439 709 2483 sed
741 2454 839 2482 cum
871 2440 1041 2493 aculeo,
1072 2454 1221 2482 nomen
1252 2440 1409 2494 beluae,
1442 2440 1638 2494 adnotat,
1670 2440 1755 2483 nisi
1775 2440 1889 2483 forte
1921 2446 2055 2497 poeta
2086 2440 2224 2482 lumen
2255 2438 2389 2493 scrip-

290 2518 418 2572 serit,
463 2516 582 2574 quod
611 2519 828 2560 exoriatur
862 2516 1057 2569 melius;-
1073 2516 1279 2574 idemque
1321 2519 1462 2560 lumen
1499 2524 1655 2575 postea
1693 2517 1940 2575 probarunt
1975 2517 2070 2571 alii,
2110 2516 2188 2559 sed
2234 2523 2283 2558 ut
2320 2530 2389 2557 ea:-

288 2597 427 2637 cn'tur
463 2595 605 2637 lumen
642 2609 746 2637 sane
785 2599 969 2651 perapte
1009 2593 1191 2648 dicitur,
1229 2595 1370 2637 lumen
1410 2595 1552 2638 beluae
1590 2594 1662 2638 vel
1701 2595 1921 2637 beluarum
1957 2593 2090 2637 habet
2126 2608 2203 2636 cur
2237 2592 2387 2649 displi-

288 2678 398 2715 ceat.
454 2669 603 2725 Quare
633 2670 905 2714 Ribbeckius
936 2676 1085 2727 spreto
1118 2672 1275 2714 lumine
1306 2672 1425 2728 quod
1457 2677 1587 2715 antea
1606 2678 1830 2728 receperat
1860 2677 2001 2727 nuper
2031 2676 2206 2713 auctore
2233 2669 2386 2711 Kiess-

284 2733 422 2807 lingio
452 2763 614 2791 momen
644 2747 828 2791 beluae
817 2763 862 2791 in
893 2754 1015 2791 textu
1046 2748 1217 2806 posuit3
1258 2764 1310 2792 ac
1345 2764 1496 2792 verum
1527 2755 1595 2792 est
1625 2747 1811 2792 subinde
1841 2748 1888 2790 in
1919 2755 2114 2791 veterum
2146 2746 2268 2789 libris
2299 2760 2385 2788 mo-

285 2827 405 2869 mina
435 2840 548 2883 quae
578 2825 740 2868 fuerint
777 2825 1051 2868 librariorum
1087 2826 1320 2869 inscientia
1355 2826 1518 2870 abiisse
1550 2827 1595 2869 in
1625 2829 1819 2881 nomina,
1862 2839 2121 2882 quamquam
2152 2822 2384 2865 Horatium

283 2902 329 2945 in
361 2909 454 2946 arte
485 2918 526 2945 v.
551 2903 637 2946 253
670 2903 781 2946 unde
810 2904 942 2945 etiam
974 2904 1170 2945 trimetris
1199 2917 1428 2947 accrescere
1457 2905 1582 2947 iussit
1611 2904 1779 2948 Momen
1809 2903 1979 2946 iambeia
2010 2901 2256 2956 scripsisse,
2295 2914 2384 2942 non

284 2993 435 3022 nomen
466 2979 584 3036 quod
623 2979 768 3022 adhuc
804 2979 1034 3036 vulgatur,
1079 2979 1124 3021 id
1161 2979 1291 3023 nobis
1331 2979 1506 3036 quidem
1547 2979 1815 3024 Ribbeckius
1857 2994 1944 3021 non
1987 2976 2216 3034 persuasit.
2290 2975 2383 3019 Sed

285 3060 336 3097 ut
363 3054 603 3113 largiamur
632 3055 830 3112 potuisse
860 3069 1020 3097 momen
1052 3055 1194 3099 beluae
1225 3056 1316 3112 (vel
1347 3056 1586 3112 beluarum)
1630 3063 1748 3099 recte
1789 3054 1918 3098 scribi
1959 3054 2049 3096 fere
2088 3059 2138 3095 ut
2169 3052 2382 3095 Horatius

283 3126 480 3185 loquitur
517 3131 562 3174 in
604 3131 802 3188 epistolis
827 3134 867 3186 1,
893 3132 961 3186 10,
985 3133 1040 3174 15
1072 3131 1145 3174 ubi
1167 3133 1336 3189 θνατῶν
1364 3146 1475 3175 aura
1508 3131 1666 3175 Leniat
1699 3139 1736 3173 et
1768 3131 1921 3173 rabiem
1959 3131 2075 3173 canis
2105 3136 2144 3171 et
2172 3136 2380 3171 momenta
