2703 3485
209 196 393 297 ῥᾳδ
397 223 835 290 neme-ive
840 221 1121 294 vamme),
1133 215 1788 290 mmupn'wme
1828 277 1837 283 ,

270 288 370 348 boe
385 294 622 347 enuntiato
650 302 801 348 verba·
809 304 1127 362 umkymm
1144 305 1283 362 siqua
1307 298 1414 348 non
1409 310 1582 362 ‘posse
1591 291 1844 362 15ὼῶΜρ
1863 317 1865 319 ’
2379 341 2403 366 ,ἦ
2467 350 2475 358 Ι

264 379 471 437 denique
498 394 554 422 eo
585 369 772 423 adduxit
798 386 851 423 ut
871 379 986 438 quid
1014 383 1072 424 sit
1100 379 1275 437 quidem
1315 380 1579 425 servandum
1618 393 1717 426 esse
1753 368 1977 435 duceret,
1987 374 2068 427 ma
2101 389 2216 427 vero
2229 356 2383 438 verba
2464 382 2471 390 ’

271 473 362 501 non
411 457 466 501 ab
506 455 654 501 Ennio
703 471 789 501 nec
838 472 864 501 a
906 455 1123 502 Cicerone
1168 459 1362 516 ascripta
1411 459 1490 502 sed
1539 458 1603 503 ab·
1643 460 1884 516 interprete
1922 459 2035 504 male
2084 460 2240 507 sedulo
2278 459 2378 504 esse

272 534 477 594 apposita
513 533 831 593 suspicaretur,
867 545 1023 593 parum
1063 533 1137 579 ille
1175 534 1394 594 probabili
1414 534 1687 581 coniectura
1720 533 1957 581 recidendo
1993 546 2199 582 manmun
2229 549 2285 583 ex
2312 535 2379 582 in-
2419 536 2422 540 ’

276 617 404 671 tegro
435 624 611 656 versum
643 611 848 656 efficiens.
912 610 1085 667 Quodsi
1115 612 1214 670 quis
1250 617 1301 657 ut
1337 620 1381 657 et
1409 613 1715 672 astroloyorum
1743 614 1868 671 siqua
1898 617 1945 656 et
1973 613 2081 672 quid
2107 614 2166 659 sit
2191 617 2379 669 meatur,

275 688 406 731 aliter
437 687 649 731 orationis
679 688 865 731 formam
897 688 1209 746 interpretatus
1241 689 1298 733 ab
1337 704 1426 732 uno
1464 689 1598 733 verbo
1633 689 1821 732 observat
1855 687 1944 732 duo
1978 689 2170 748 pendere
2206 689 2383 735 iusserit

273 772 318 808 et
349 767 657 823 astroloqorum
693 767 818 823 siqua
852 767 899 807 in
931 767 1044 807 caelo
1076 771 1120 807 et
1151 768 1257 823 quid
1286 768 1341 808 sit
1369 781 1465 808 cum
1495 766 1606 808 Iovis
1641 779 1778 823 capra
1813 772 1895 807 aut
1927 779 2037 825 nepa
2076 770 2284 821 exoritur,
2324 779 2380 810 ne

275 843 339 885 sic
371 841 549 898 quidem
582 842 689 885 satis
719 841 924 899 expedita
955 847 999 884 et
1030 842 1259 885 commoda
1290 843 1507 885 sententia
1537 848 1756 885 nascetur.
1802 840 1971 885 Contra
2000 845 2167 901 quaesit
2193 843 2382 888 observat

272 918 383 961 haec
415 917 504 962 duo
535 918 672 962 verba
701 923 908 976 poterant
937 918 1013 961 illa
1044 917 1219 974 quidem
1252 924 1354 975 apte
1394 918 1458 962 sic
1497 916 1706 970 ἀσυνδέτους
1746 919 1970 975 componi,
2011 918 2087 963 illo
2126 935 2247 964 more
2289 934 2377 978 quo

272 995 445 1038 Ennius
487 996 657 1053 ipse*)‚
697 1001 747 1037 ut
785 995 1008 1038 mittamus
1041 995 1174 1049 alios,
1214 996 1368 1038 scribit
1413 997 1608 1038 mortales
1644 998 1756 1038 iuter
1794 1010 1877 1038 sese
1908 1004 2115 1053 puqnant
2143 998 2379 1055 proelias&

271 1074 365 1113 alia
387 1073 549 1128 fluctus
580 1072 723 1127 differt
750 1073 947 1129 dissupat
984 1072 1230 1114 Viscerasim
1266 1074 1470 1124 membra5
1507 1074 1579 1115 sed
1618 1088 1681 1115 me
1711 1073 1867 1129 Apollo
1904 1074 1992 1129 ipse
2029 1075 2207 1117 delectat
2235 1076 2382 1118 ductat

272 1148 526 1204 Delphicum
577 1155 622 1190 et
671 1149 860 1191 fortasse
905 1164 1164 1205 requiemque
1201 1156 1391 1192 nostrum
1437 1157 1487 1191 ut
1533 1151 1729 1206 sospitent
1764 1150 2149 1207 superstitent[que]
2186 1149 2242 1193 de
2272 1150 2381 1193 Rib-

273 1224 417 1267 beckii
453 1225 685 1277 sententia,
726 1225 810 1267 nisi
843 1225 941 1280 quis
974 1224 1097 1266 malit
1126 1225 1244 1267 hunc
1276 1225 1599 1282 hypermetrum
1631 1240 1728 1267 esse
1761 1225 1992 1277 senarium,
2034 1227 2207 1281 qualem
2238 1227 2380 1269 Pacu·

272 1300 370 1342 vius
404 1315 532 1356 quem
567 1299 848 1342 crediderunt
878 1300 1007 1342 finxit
1037 1315 1064 1342 a
1094 1300 1340 1343 Ribbeckio
1372 1301 1486 1343 inter
1515 1302 1683 1344 incerta
1712 1301 1897 1343 relatum
1928 1316 1971 1357 p.
1991 1302 2079 1343 264

546 1375 767 1434 Refugere
799 1376 930 1429 oculi,
963 1390 1122 1433 corpus
1153 1378 1290 1419 macie
1324 1376 1534 1429 extabuit,

546 1452 775 1496 Lacrimae
806 1453 1015 1509 peredere
1047 1469 1197 1496 umore
1229 1469 1451 1510 exangues
1483 1470 1632 1512 genas,

550 1529 650 1573 Situ
683 1529 873 1587 nigroris
904 1531 1044 1573 barba
1073 1529 1264 1587 paedore
1289 1529 1472 1595 ahorrida
1504 1538 1636 1587 atque

549 1605 734 1650 Inton'sa
764 1607 954 1650 infuscat
983 1613 1140 1665 pectus
1171 1607 1318 1649 illuvie
1351 1606 1568 1650 scabrum.

276 1683 376 1727 Nec
407 1690 553 1726 tamen
586 1684 625 1727 si
655 1686 821 1741 quaesit
855 1685 1044 1727 observat
1072 1691 1191 1727 recte
1222 1685 1485 1740 iunguntur,
1518 1683 1616 1727 ideo
1648 1686 1732 1728 iam
1763 1686 1927 1742 quaesit
1957 1684 2270 1740 amplectemur
2299 1698 2380 1739 pro

276 1767 421 1804 certo:
454 1775 598 1816 neque
631 1760 743 1804 enim
777 1760 907 1805 huius
941 1761 1218 1804 coniecturae
1249 1761 1537 1817 probabilitas
1567 1767 1657 1804 tam
1690 1762 1781 1805 suis
1803 1760 2045 1805 rationibus
2066 1761 2221 1804 nititur
2251 1776 2381 1817 quam

274 1853 329 1880 ex
362 1837 541 1881 alterius
574 1852 785 1881 successu
825 1838 1143 1882 emendationis
1179 1837 1344 1895 pendet
1381 1838 1475 1882 eius
1508 1854 1594 1895 qua
1625 1854 1678 1882 ex
1709 1839 2002 1882 observationis
2032 1844 2281 1895 reparatum
2314 1843 2382 1881 est

275 1915 462 1956 observat
491 1914 602 1957 Iovis
632 1929 728 1957 cum
759 1929 904 1972 capra.
966 1915 1106 1970 Atqui
1141 1915 1254 1957 Iovis
1296 1929 1427 1972 capra
1470 1915 1553 1957 etsi
1591 1915 1730 1971 probe
1769 1915 1978 1972 appellari
2020 1920 2207 1970 poterat,
2248 1928 2382 1970 capra

275 1990 450 2046 quidem
493 1990 791 2034 additamento
830 1998 879 2035 ut
909 1998 1027 2034 recte
1067 1992 1341 2047 acciperetur
1378 2007 1467 2034 non
1510 1991 1758 2048 indigebat,
1796 1991 1916 2034 'velut
1948 1991 2106 2034 Cicero
2138 1990 2290 2034 scribit
2326 1989 2381 2032 de

273 2073 364 2110 nat.
398 2066 517 2110 deor.
543 2068 585 2120 3,
609 2070 680 2121 16,
702 2068 760 2112 40
791 2069 984 2126 sinqulas
1022 2070 1165 2112 stellas
1195 2083 1393 2111 numeras
1425 2069 1521 2111 deos
1557 2083 1703 2126 eosque
1732 2068 1951 2111 beluarum
1987 2070 2154 2111 nomine
2190 2067 2384 2131 appellas

274 2151 325 2185 ut
354 2159 530 2201 capram
562 2153 611 2186 ut
639 2160 805 2201 nepam,
836 2150 880 2186 et
907 2145 981 2187 illa
1002 2145 1220 2188 sententia
1240 2159 1335 2187 cum
1357 2159 1489 2201 capra
1511 2152 1590 2187 aut
1608 2159 1718 2201 nepa
1740 2153 1816 2186 aut
1833 2146 2021 2186 emoritur
2040 2157 2188 2185 nomen
2209 2143 2385 2200 aliquod

277 2204 421 2262 beluae
443 2221 700 2264 concinnius
733 2221 932 2277 profecto
964 2222 1094 2265 unius
1116 2221 1319 2265 versiculi
1339 2220 1503 2264 finibus
1526 2221 1919 2264 circumscribetur.
1970 2218 2104 2274 Quod
2125 2234 2228 2262 vero
2247 2218 2385 2261 Hein-

275 2296 440 2341 richius
464 2297 685 2341 beluarum
718 2312 814 2341 esse
849 2314 903 2341 ex
936 2298 1079 2341 beluae
1111 2305 1356 2341 correctum
1379 2297 1559 2354 eiusque
1581 2298 1863 2341 correctionis
1895 2311 2074 2340 causam
2107 2301 2151 2340 et
2172 2295 2386 2353 originem

480 2446 511 2490 *)
539 2451 668 2483 Multus
701 2457 751 2484 est
783 2451 839 2484 hic
871 2462 951 2484 usus
985 2452 1141 2493 asyndeti
1167 2451 1366 2484 bimembris
1399 2452 1434 2483 in
1460 2451 1574 2493 prisca
1598 2451 1766 2483 latinitate
1800 2451 1860 2483 sed
1893 2451 1984 2483 idem
2009 2449 2175 2493 pertinuit
2199 2449 2244 2481 ad
2269 2452 2393 2490 poste-'

274 2514 377 2547 rioris
418 2525 459 2547 ac
498 2520 690 2558 postremae
730 2517 852 2548 aetatis
890 2516 1086 2559 scriptores.
1151 2516 1267 2548 Veluti
1306 2516 1480 2548 Minucius
1512 2515 1612 2548 Felix
1652 2516 1687 2547 in
1726 2514 1870 2548 Octavio
1908 2515 2027 2548 scribit
2062 2514 2201 2548 mortuis
2232 2512 2385 2545 extinctis

276 2578 323 2620 (p.
346 2580 402 2618 15,
418 2579 497 2620 10);
532 2580 589 2611 uri
620 2580 765 2612 eremari
788 2581 834 2621 (p.
856 2579 1007 2620 52,19);
1039 2581 1204 2624 imperant
1240 2584 1383 2622 reynant
1416 2580 1461 2622 (p.
1483 2579 1538 2618 17,
1552 2579 1604 2620 2);
1637 2579 1746 2611 sciunt
1774 2583 1897 2611 norunt
1921 2580 1967 2621 (p.
1990 2578 2046 2620 34,
2061 2578 2132 2618 12).
2182 2576 2280 2617 Quae
2310 2577 2383 2609 fere

277 2643 524 2676 addubitanmr
550 2650 608 2675 aut
642 2649 816 2677 mutantur
848 2654 868 2676 a
900 2645 1026 2677 criticis
1051 2644 1193 2684 iniuria3
1220 2654 1299 2677 nam
1326 2644 1388 2676 etsi
1415 2655 1478 2676 nos
1505 2644 1588 2676 talia
1613 2653 1681 2675 non
1708 2643 1902 2682 laudamus,
1936 2652 1957 2675 a
1982 2643 2062 2675 stilo
2088 2642 2187 2674 huius
2212 2641 2386 2683 scriptoris

276 2717 346 2739 non
365 2717 438 2740 esse
456 2708 568 2740 aliena
586 2707 844 2741 concedendum
862 2713 923 2741 cst.
980 2708 1049 2742 Sed
1069 2714 1101 2740 et
1119 2708 1272 2742 Senecae
1291 2707 1420 2750 placuit
1436 2705 1540 2740 reddo
1558 2706 1696 2739 restituo
1716 2706 1771 2747 (de
1790 2712 1898 2749 tranq.
1927 2707 2031 2739 anim.
2053 2704 2175 2745 11,2);
2194 2704 2384 2748 firmaverit

274 2771 418 2803 erexerit
453 2771 535 2812 (nat.
564 2778 694 2814 quaest.
714 2772 840 2813 6‚32);
872 2772 964 2805 idem
990 2776 1104 2805 autem
1139 2783 1215 2805 eum
1247 2772 1374 2805 scribat
1404 2773 1438 2804 in
1481 2771 1610 2804 consol.
1644 2771 1689 2803 ad
1718 2771 1884 2804 Marciam
1911 2782 1939 2803 c.
1970 2771 2056 2811 11‚2
2089 2773 2122 2802 et
2153 2779 2237 2813 quae
2267 2767 2387 2812 diliyis

275 2836 449 2867 veneraris
473 2840 504 2868 et
520 2847 603 2880 quae
629 2836 776 2881 despicis
798 2847 883 2869 uuus
907 2836 1103 2880 exaequabit
1126 2837 1222 2878 cinis,
1250 2837 1365 2870 delent
1387 2824 1573 2877 veneraris,
1591 2835 1657 2868 hoc
1683 2840 1734 2867 est
1757 2836 1958 2878 exquisitius
1982 2834 2187 2867 vocabulum
2212 2843 2255 2864 ex
2281 2833 2384 2865 inter-

277 2901 471 2942 pretatione
497 2901 635 2932 fluxisse
661 2906 813 2934 statuunt
838 2902 1003 2944 vulgaris;
1029 2902 1202 2934 veneraris
1232 2902 1323 2933 enim
1354 2910 1430 2932 esse
1455 2900 1656 2942 exquisitius
1680 2910 1723 2932 ex
1741 2901 1887 2932 Horatio
1912 2900 2102 2943 dispicitur,
2130 2907 2183 2939 ep.
2203 2898 2235 2936 2,
2254 2897 2283 2935 1,
2301 2897 2382 2936 263,

276 2964 366 3006 quod
390 2965 465 3006 quis
490 2964 620 2997 deridet
644 2976 741 3009 quam
767 2964 857 3008 quod
877 2964 1003 3008 probat
1026 2970 1058 2997 et
1083 2969 1270 2997 veneratur.
1307 2965 1438 2996 Rursus
1465 2965 1500 2995 in
1518 2965 1630 2996 Taciti
1648 2964 1785 3005 dialogo
1803 2974 1880 2995 cum
1906 2969 1999 2995 extet
2026 2961 2126 2999 c.23‚
2150 2962 2192 2992 12
2218 2959 2385 2992 rhetorum

276 3031 464 3059 nostrorum
483 3029 734 3061 commentarios
740 3027 929 3070 fastidiunt
945 3028 1094 3068 oderunt,
1119 3026 1218 3060 Galea·
1232 3029 1406 3067 mirantur,
1428 3037 1514 3070 quae
1533 3027 1646 3067 verba,
1664 3025 1807 3069 fastidit
1831 3031 1864 3058 et
1880 3025 1961 3066 odit,
1989 3026 2081 3058 idem
2099 3024 2263 3057 Horatius
2280 3033 2333 3066 ep.
2348 3025 2382 3063 2,

279 3092 311 3128 1,
333 3091 377 3121 22
404 3092 551 3132 copulat,
578 3102 647 3123 non
665 3092 780 3123 ferunt
805 3092 913 3123 critici
940 3090 1088 3122 oderunt.
1125 3091 1170 3121 Et
1188 3096 1301 3122 tamen
1320 3091 1377 3132 qui
1396 3095 1507 3132 potest
1525 3091 1576 3121 lac
1594 3091 1673 3121 laeti
1691 3100 1765 3121 esse
1792 3090 1935 3121 similius
1954 3098 2056 3131 quam
2082 3091 2132 3119 est
2157 3087 2279 3117 horum
2298 3086 2384 3118 alter

274 3152 371 3185 locus
395 3154 504 3186 alteri.
531 3155 575 3186 Et
600 3155 636 3187 in
655 3154 832 3187 Ciceronis
855 3154 1009 3196 epistolis
1034 3142 1201 3186 nonnulla
1227 3154 1379 3186 eiusdem
1396 3154 1531 3196 generis
1554 3153 1722 3193 feruntur,
1741 3162 1828 3195 qnae
1852 3152 1924 3185 fere
1949 3152 2088 3184 infestat
2104 3149 2382 3192 Wesenbergius.
