2703 3485
213 260 768 351 “mundamus
755 293 975 353 mmmm
1010 270 1147 342 versu·
1178 278 1387 346 traditum
1420 293 1719 354 scripturum
1694 253 2398 354 mmmmmin

296 451 341 503 7,
364 450 406 503 5,
428 450 478 506 3)
510 449 609 492 huic
639 463 715 507 eqo
744 462 876 507 neque
907 443 1167 490 ιη’ὂκοιαιιωί
1195 461 1328 505 noque
1348 448 1664 507 pandectarum
1701 461 1834 506 noque
1869 449 2008 493 alliu
2039 449 2226 506 beneficii
2252 455 2410 494 certum

295 539 452 568 nomen
475 533 588 582 peto,
620 524 708 568 hoc
739 530 808 568 est
835 520 942 567 ‘non
962 524 1232 568 tribunatum
1262 538 1345 567 nec
1367 523 1684 581 praefecturam
1703 537 1788 567 nec
1809 519 1987 568 omnino
2007 525 2268 569 beneficium
2287 529 2408 568 certo

296 601 477 647 nomine
507 601 765 662 insignitum
794 600 939 660 peto3’
977 601 1041 645 ita
1068 599 1267 656 Ennius,
1303 597 1422 646 ‘cum
1452 614 1587 659 capra
1617 605 1695 644 aut
1729 614 1846 658 nepa
1876 608 1953 646 aut
1984 602 2163 660 aliquod
2192 608 2407 666 astrorum

296 672 493 722 exoritur
511 678 742 723 beluarum
765 692 925 721 nomen
946 676 1222 737 gerentium.’
1267 677 1367 722 Nec
1397 678 1461 721 ita
1487 691 1587 722 raro
1619 677 1725 723 alibi
1755 675 1930 723 ‘nomen
1959 677 2042 723 rei'
2069 695 2152 738 pro
2173 694 2220 724 re
2251 693 2410 724 nomen

299 762 484 815 gerente
506 754 668 799 dicitur
689 770 715 797 a
737 754 1040 813 scriptoribus.
1063 753 1203 798 Velut
1222 755 1268 798 in
1288 754 1436 799 Plauti
1451 754 1722 799 Truculento
1743 755 1949 812 (1‚1‚58)
1972 754 2243 800 Diniarchus
2264 760 2411 801 cantat

575 833 693 876 Nam
723 832 830 875 mihi
860 831 972 876 haec
1002 831 1209 875 meretrix
1241 846 1354 889 quae
1385 831 1457 875 hic
1488 831 1625 876 habet
1653 830 1944 876 Phronesium

575 910 714 954 Suum
745 924 904 951 nomen
937 909 1056 951 omni
1088 924 1143 951 ex
1172 914 1351 966 pectore
1382 909 1576 951 exmovit
1604 922 1718 962 meo,

570 985 848 1039 Phronesim,
878 1000 981 1027 nam
1012 985 1246 1041 phronesis
1278 991 1346 1027 est
1378 974 1605 1042 sapientia.

303 1060 507 1116 Quorum
537 1077 743 1106 versuum
785 1063 961 1106 tertium
999 1061 1119 1118 quod
1150 1062 1253 1104 olim
1285 1068 1331 1104 et
1359 1076 1531 1105 rursum
1564 1077 1705 1119 nuper
1735 1062 2028 1115 extinxerunt,
2069 1078 2156 1105 non
2195 1064 2409 1106 luxuriam

268 1155 271 1157 ·
302 1139 524 1196 quandam
554 1139 827 1194 reciderunt,
868 1154 982 1196 quae
1013 1144 1162 1183 tamen
1192 1138 1290 1197 ipsa
1320 1138 1551 1183 toleranda
1582 1146 1700 1183 esset
1728 1139 1774 1182 in
1805 1138 1952 1182 Plauti
1991 1139 2164 1195 fabula,
2208 1141 2287 1185 sed
2318 1156 2412 1184 ver-

304 1232 402 1260 sum
434 1216 691 1259 deleverunt
728 1215 785 1259 ad
824 1215 1147 1274 explanandam
1178 1200 1438 1259 sententiam
1469 1200 1713 1273 perutilem.
1778 1216 1870 1261 Sed
1901 1216 2167 1261 Diniarchus
2200 1233 2299 1261 cum
2339 1218 2414 1261 illa

303 1293 486 1347 diceret,
518 1293 604 1336 hoc
633 1293 820 1351 intelligi
851 1293 992 1336 voluit
1024 1299 1190 1350 aperte,
1221 1293 1415 1349 φρόνησιν,
1447 1308 1473 1336 a
1503 1308 1592 1349 qua
1626 1308 1786 1336 nomen
1816 1294 2035 1337 meretrici
2065 1286 2310 1338 Phronesio
2342 1309 2414 1338 ac-

304 1371 468 1424 crevit,
508 1371 592 1414 sibi
631 1385 729 1413 esse
768 1370 887 1413 omni
926 1385 949 1413 e
980 1376 1159 1428 pectore
1197 1371 1391 1414 eiectam.
1453 1369 1553 1413 Nec
1584 1369 1769 1413 multum
1801 1369 2029 1414 dissimilia
2058 1370 2102 1412 in
2133 1370 2323 1428 Epidico
2352 1371 2416 1414 le-

307 1452 474 1505 guntur
496 1448 538 1501 2,
563 1448 602 1499 2,
627 1448 698 1490 51.
762 1434 929 1490 Verum
962 1447 1140 1504 gravius
1173 1453 1241 1490 est
1272 1454 1316 1489 et
1347 1447 1403 1489 ad
1434 1446 1549 1489 hunc
1571 1462 1698 1490 usum
1722 1446 2026 1504 explicandum
2047 1448 2234 1490 fortasse
2265 1448 2414 1491 utilius

308 1523 430 1581 quod
462 1523 634 1568 Seneca
675 1523 830 1567 scribit
861 1524 906 1565 in
938 1523 1239 1569 consolatione
1272 1523 1328 1567 ad
1357 1523 1572 1567 Marciam
1596 1524 1667 1579 13,
1691 1509 1730 1568 2⁸
1751 1524 1923 1568 Paulus
1960 1526 2073 1568 circa
2111 1525 2206 1568 illos
2244 1525 2414 1568 nobilis-

307 1604 405 1642 simi
435 1603 641 1658 triumphi
669 1603 757 1642 dies
787 1616 871 1658 quo
900 1587 1087 1643 vinctun'z
1116 1608 1215 1643 ante
1243 1615 1418 1643 currum
1448 1603 1532 1659 eyit
1559 1602 1717 1644 Persen
1725 1633 1737 1655 ,
1778 1603 1932 1660 inclyti
1959 1603 2067 1659 reqis
2103 1615 2272 1656 nomen,
2306 1603 2414 1645 duos

294 1678 414 1733 filios
452 1680 500 1720 in
541 1662 806 1736 adoptionem
844 1678 980 1731 dedit,
1021 1691 1122 1735 quos
1159 1678 1241 1720 sibi
1278 1686 1514 1721 servaverat
1544 1679 1706 1721 extulit.
1747 1679 1894 1737 quales
1923 1685 2095 1721 retentos
2127 1685 2280 1736 putas,
2323 1693 2417 1722 cum

306 1757 421 1798 inter
452 1755 730 1798 commodatos
760 1755 903 1814 Scipio
933 1753 1109 1804 fuisset?
1145 1769 1229 1798 non
1267 1756 1354 1798 sine
1389 1763 1505 1798 motu
1545 1770 1727 1799 vacuum
1756 1756 1894 1799 Pauli
1922 1769 2095 1800 currum
2121 1755 2305 1813 populus
2334 1755 2419 1799 Ro-

306 1848 462 1874 manus
495 1833 702 1890 adspexit.
746 1834 1013 1874 concionatus
1042 1839 1103 1874 est
1134 1839 1269 1875 tomen
1301 1840 1342 1874 et
1369 1835 1454 1890 eqit
1481 1834 1548 1875 dis
1574 1834 1776 1890 qratiam,
1817 1833 1932 1890 quod
1968 1846 2130 1889 compos
2167 1833 2252 1875 voti
2270 1831 2417 1887 sactus

307 1917 422 1962 esset,
447 1916 672 1967 precatum
704 1911 815 1951 enim
846 1923 889 1951 se
910 1916 970 1951 ut
997 1911 1035 1951 si
1063 1910 1171 1967 quid
1199 1910 1249 1952 ob
1279 1911 1487 1968 inqentem
1518 1911 1736 1953 victoriam
1765 1911 1952 1952 invidiae
1983 1910 2173 1952 dandum
2211 1917 2330 1964 esset,
2369 1910 2418 1952 id

312 2002 387 2029 suo
412 1988 558 2043 potius
588 2002 719 2044 quam
748 1986 915 2044 publico
947 1987 1104 2028 damno
1135 1988 1372 2029 solveretur.
1426 1987 1478 2029 In
1510 1987 1578 2029 his
1611 2002 1721 2044 quae
1753 2001 1843 2029 non
1875 1987 1968 2029 sine
1999 2001 2132 2029 causa
2162 1987 2294 2045 paulo
2325 1987 2419 2045 ple-

312 2064 414 2106 nius
453 2063 814 2120 perscripsimus,
855 2062 931 2105 illa
971 2064 1106 2106 verba
1146 2065 1297 2121 inclyti
1331 2066 1438 2122 reqis
1470 2079 1620 2106 nomen
1660 2070 1762 2121 post
1796 2063 2057 2117 Gruterum,
2095 2064 2170 2120 qui
2211 2065 2416 2121 princeps

309 2140 405 2181 eius
439 2140 674 2182 commenti
704 2140 804 2192 fuit,
841 2139 1056 2180 inducunt
1086 2154 1184 2182 cum
1217 2141 1291 2181 alii
1321 2147 1415 2181 tum
1447 2141 1673 2182 novissimi
1705 2140 1914 2197 deinceps
1948 2139 2137 2182 editores
2170 2140 2418 2194 Fickertus‚

312 2217 524 2271 Haasius,
556 2216 614 2259 H.
632 2217 703 2259 Ἀ.
736 2216 955 2271 Kochius,
986 2232 1281 2275 praepropero
1320 2224 1370 2260 ut
1399 2217 1527 2260 nobis
1559 2217 1732 2260 videtur
1763 2217 1924 2270 studio,
1968 2231 2054 2273 quo
2087 2231 2217 2275 saepe
2248 2218 2417 2275 abrepti

314 2295 447 2337 etiam
478 2294 523 2336 in
547 2293 743 2337 Senecae
774 2294 899 2337 libris
931 2293 1080 2336 delent
1112 2309 1224 2350 quae
1256 2302 1333 2348 aut
1364 2296 1669 2337 convenientia
1699 2301 1801 2338 sunt
1833 2294 2020 2336 orationi
2051 2300 2126 2336 aut
2156 2295 2420 2349 necessaria,

313 2371 452 2425 velut,
483 2379 533 2413 ut
563 2371 609 2413 in
629 2371 839 2428 persimili
872 2372 1163 2415 subsistamus
1196 2372 1411 2429 exemplo,
1443 2388 1541 2415 cum
1565 2371 1735 2416 Seneca
1765 2371 1821 2414 de
1851 2371 2164 2428 tranquillitate
2196 2372 2327 2415 animi
2352 2373 2423 2425 15,

316 2449 370 2492 13
404 2448 630 2505 scripserit
689 2448 750 2491 Et
785 2450 946 2507 maqni,
991 2456 1038 2492 ut
1078 2449 1191 2503 dia-i,
1232 2451 1318 2492 viri
1355 2450 1533 2507 quidam
1572 2450 1652 2492 sibi
1684 2457 1921 2491 menstruas
1952 2450 2072 2491 certis
2111 2449 2256 2491 diebus
2276 2450 2422 2504 feriae

309 2526 486 2578 dabant,
518 2527 696 2582 quidam
726 2526 896 2569 nullum
926 2541 1012 2569 non
1043 2527 1154 2569 diem
1183 2529 1294 2569 inter
1324 2530 1456 2569 otium
1487 2535 1528 2568 et
1555 2542 1682 2569 curas
1713 2527 1968 2578 dividebant,
1999 2526 2167 2581 qualem
2188 2526 2423 2569 Pollionem

312 2603 516 2645 Asinium
547 2609 754 2645 oratorem
785 2617 988 2660 noeaqnum
1018 2604 1298 2657 meminimus,
1331 2618 1451 2660 quem
1482 2604 1607 2646 nulla
1645 2617 1710 2645 res
1746 2603 1864 2645 ultra
1896 2603 2100 2644 decimam
2137 2604 2330 2655 retinuit,
2371 2618 2423 2645 ne

310 2679 513 2736 epistulas
544 2679 717 2735 quidem
742 2680 849 2736 'post
886 2693 979 2722 eam
1019 2680 1165 2722 horam
1205 2680 1379 2737 leyebat‚
1420 2695 1472 2738 ne
1511 2680 1618 2737 quid
1654 2694 1785 2722 novae
1820 2693 1949 2721 curae
1989 2686 2246 2731 nasceretur,
2287 2679 2422 2723 verba

310 2763 522 2799 oratorem
559 2769 781 2812 maqnwm,
826 2771 938 2812 quae
970 2771 1057 2813 quo
1089 2756 1275 2813 consilio
1316 2756 1465 2799 addita
1504 2756 1693 2814 scriptor
1726 2755 1916 2798 voluerit
1945 2755 2044 2812 ipsa
2073 2755 2213 2797 oratio
2245 2755 2425 2799 demon-

320 2838 445 2886 strat,
476 2838 624 2874 tamen
657 2831 891 2875 secludunt
922 2838 1145 2889 tamquam
1176 2834 1231 2876 ab
1262 2833 1576 2890 interpolatore
1608 2832 1791 2877 adiecta.
1856 2831 1932 2875 Sic
1962 2831 2036 2872 illo
2068 2831 2291 2888 superiore
2322 2832 2422 2874 loco

315 2908 639 2967 verbabinclyti
667 2911 778 2966 reyis
808 2923 958 2951 nomen
987 2924 1077 2952 non
1118 2925 1170 2953 ea
1200 2909 1255 2953 de
1287 2925 1422 2953 causa
1458 2910 1661 2952 nimirum
1691 2907 1954 2964 interposuit
1986 2906 2155 2951 Seneca
2184 2915 2234 2950 ut
2263 2908 2426 2950 Persea

315 2984 527 3029 illustrem
569 3000 720 3043 regem
760 2985 897 3029 fuisse
928 2986 1127 3043 legentes
1167 2986 1398 3040 edoceret,
1438 2986 1517 3030 sed
1553 2995 1603 3029 ut
1639 2985 1850 3042 triumphi
1875 2983 2148 3027 nobilitatem
2179 2985 2426 3038 extolleret,

317 3061 441 3106 cuius
485 3062 617 3121 longe
657 3061 1010 3120 praeclarissima
1047 3079 1149 3121 pars
1194 3070 1291 3107 erat
1328 3063 1438 3107 tanti
1480 3063 1667 3107 nominis
1708 3078 1785 3106 rex
1826 3067 1995 3118 captus.
2066 3060 2127 3104 Et
2166 3061 2425 3105 clementius

314 3138 504 3184 fortasse
535 3139 846 3184 toleravissent
877 3155 930 3183 ea
961 3139 1098 3184 verba
1128 3138 1269 3195 docti,
1309 3139 1347 3184 si
1377 3156 1465 3184 non
1495 3141 1650 3199 inclyti
1677 3142 1787 3197 reqie
1818 3153 1967 3183 nomen
1999 3136 2079 3181 sed
2109 3139 2261 3199 inclyti
2288 3152 2425 3195 reqem

239 407 246 410 -
292 371 526 418 Videmus·
543 371 660 421 enim
683 370 824 431 plane
856 370 1048 417 eundem
1077 371 1126 417 in
1153 353 1333 416 modum
1366 367 1629 416 Ciceronem
1656 361 1852 417 scribere
1887 373 1937 418 in
1951 360 2166 432 epistolis
2186 364 2284 430 (ad
2295 360 2419 417 fais
2451 353 2453 357 ,
2560 412 2567 420 Ἰ
