2703 3485
306 213 499 297 fierunt,
528 204 684 286 eadem
713 241 800 303 nisi
820 239 1012 285 fallimur
1033 216 1231 289 ratione
1228 210 1551 302 expediuntur.
1581 225 1707 292 Sed
1714 225 1921 303 nolumus
1934 214 2186 292 cumulato
2181 242 2476 306 mpla,

307 318 397 364 hoc
425 332 562 363 unum
592 324 795 380 agentes,
825 319 952 363 locus
982 321 1078 375 ipse
1108 326 1159 361 ut
1188 319 1413 363 clariore
1399 336 1446 363 in
1476 321 1576 364 lnce
1605 326 1842 380 ponatur.

512 394 672 453 Itaque
693 395 886 441 redimus
917 394 1095 439 tandem
1118 395 1174 439 ad
1195 396 1402 450 Ennium,
1433 413 1461 439 a
1490 413 1579 454 quo
1599 401 1768 457 egressi
1798 406 1844 443 et
1867 401 2043 459 longius
2063 400 2219 460 vagati
2240 414 2408 457 sumus,
2472 407 2476 409 ’

307 474 528 530 finemque
559 473 804 518 disserendi
836 473 1044 517 faciemus
1081 475 1144 516 ita
1180 481 1229 515 ut
1266 474 1486 522 corollarii
1522 475 1622 518 loeo
1661 476 1775 521 duos
1806 492 1958 522 versus
1995 477 2222 521 Ennianos
2263 492 2408 522 emen-

313 551 414 596 date
446 551 634 610 scriptos
663 566 894 610 ponamus,
926 567 1110 609 quorum
1140 552 1185 593 in
1206 551 1421 595 firmanda
1451 552 1667 612 scriptura
1697 553 1753 598 ab
1785 554 2118 615 argumentandi
2148 555 2407 615 ambagibus
2439 549 2447 556 ’

311 629 520 674 abstineri
561 636 722 688 potest.
786 631 997 674 Putamus
1037 630 1151 673 enim
1190 645 1343 674 versus
1383 645 1494 687 quos
1531 630 1828 690 Hieronymus
1867 634 1912 677 in
1945 633 2135 692 epitaph.
2168 633 2406 692 Nepotiani

304 723 347 764 p.
372 709 460 751 598
491 708 631 766 Mign.
655 709 847 752 servavit
876 708 1025 762 Ennii,
1050 709 1188 766 plebes
1218 710 1265 750 in
1297 709 1370 750 hoc
1408 710 1499 766 reqi
1532 716 1719 752 anteetat
1749 711 1850 764 loco,
1882 712 1974 754 licet
1995 711 2255 755 Lammare
2278 712 2404 770 plebi,

304 787 394 843 reyi
423 786 583 830 honeste
613 801 698 829 non
731 787 845 839 lieet,
883 801 1082 842 quosque
1122 785 1178 827 ad
1210 785 1483 842 Iphigeniam
1513 785 1646 828 Ennii
1679 789 1943 843 comparatis
1973 789 2223 878 Ειιήρίᾱθὶε
2254 804 2293 831 v.
2318 791 2404 832 446

302 859 328 918 ἦ
358 862 551 918 δυσγένεια
581 861 623 904 δ’
653 859 701 914 ὥς
733 859 815 916 ἔχει
845 879 882 904 τι
912 862 1117 918 χρήσιμον.
1153 859 1231 904 Και
1261 859 1334 916 γᾶρ
1364 863 1553 916 δακρῦσαι
1582 859 1721 918 ραδίως
1751 862 1877 916 αυτοῖς
1908 862 1991 919 ἔχει
2008 859 2190 908 Ἀπαντοί
2213 883 2236 907 τ
2280 865 2403 910 εἰπεῖν.

303 956 357 994 τῳ
389 939 432 981 δὲ
462 939 614 995 γενναίῳ
643 940 757 992 φύσιν
779 935 954 990 Ανολβα
987 943 1107 980 ταῦτα
1141 940 1232 980 iure
1265 939 1537 992 rettulerunt,
1569 939 1614 980 in
1646 939 1763 981 hunc
1783 940 1961 984 modum
1994 956 2092 985 esse
2125 941 2402 984 ordinandos.

776 1015 936 1058 Plebes
968 1015 1013 1057 in
1045 1014 1130 1057 hoc
1161 1015 1254 1072 regi
1286 1014 1489 1057 antistat:
1522 1012 1620 1057 loco
1651 1015 1755 1057 licet

775 1092 1044 1135 Lacrumare
1076 1090 1210 1148 plebi,
1241 1092 1335 1149 regi
1366 1090 1550 1135 honeste
1582 1107 1671 1135 non
1702 1092 1819 1135 licet.

301 1168 367 1211 Ut
407 1170 492 1211 loco
534 1170 634 1226 ipsa
665 1168 878 1212 suadente
910 1169 1127 1212 sententia
1160 1183 1252 1211 eam
1295 1169 1381 1211 vim
1422 1168 1607 1224 habeat,
1639 1183 1770 1227 quam
1801 1168 1964 1214 habere
1997 1171 2114 1230 apud
2146 1171 2403 1218 Ciceronem

301 1247 378 1302 (ad
409 1248 510 1290 fam.
539 1249 609 1301 11,
636 1249 730 1302 16,1
755 1249 1107 1306 quemadmodum
1138 1262 1279 1288 coram
1303 1249 1380 1306 qui
1408 1248 1469 1290 ad
1499 1262 1572 1290 noe
1602 1249 1880 1306 intempestive
1909 1249 2070 1293 adeunt
2096 1252 2258 1295 molesti
2285 1267 2404 1311 saepe

299 1333 421 1377 eunt,
461 1327 521 1367 sic
550 1327 750 1383 epistolae
779 1325 998 1381 offendunt
1038 1340 1121 1367 non
1163 1327 1248 1367 loeo
1287 1326 1495 1382 redditae)
1539 1331 1582 1368 et
1619 1325 1737 1383 apud
1768 1325 2003 1369 Horatium
2036 1328 2185 1385 (epist.
2225 1331 2265 1383 1,
2288 1331 2402 1384 7,57

298 1410 338 1444 et
369 1418 600 1460 properare
642 1405 729 1446 loeo
766 1411 806 1446 et
846 1409 1022 1455 cessare)
1064 1409 1107 1446 et
1146 1403 1254 1445 alios
1295 1402 1457 1444 nemini
1497 1403 1694 1460 ignotum
1736 1409 1815 1446 est.
1887 1403 2139 1448 Diiambum
2180 1414 2322 1450 autem
2359 1408 2402 1450 in

300 1480 418 1521 exitu
459 1480 588 1523 huius
630 1480 816 1523 trimetri
853 1496 943 1522 non
987 1479 1126 1537 magis
1159 1480 1395 1536 refugimus
1428 1493 1557 1534 quam
1599 1480 1644 1521 in
1675 1479 1749 1521 illo
1782 1480 1919 1522 altero
1952 1495 2081 1523 versu
2114 1481 2315 1525 Enniano
2345 1484 2406 1526 ibi

297 1557 404 1611 quid
434 1564 539 1612 ayat
567 1572 704 1600 secum
734 1558 891 1614 coqitat
910 1564 1047 1613 parat
1068 1564 1209 1613 putat,
1242 1556 1286 1596 in
1319 1570 1406 1610 quo
1428 1555 1563 1598 verba
1593 1555 1668 1597 illa
1688 1556 1772 1598 tria
1792 1561 1881 1598 tam
1913 1557 2113 1613 apposite
2141 1559 2404 1614 copulantur

298 1647 427 1687 quam
460 1633 530 1675 vel
562 1632 682 1690 apud
714 1631 971 1677 Ciceronem
1004 1632 1081 1687 (ad
1111 1633 1212 1674 fam.
1238 1633 1277 1683 2,
1302 1632 1394 1687 5‚2)
1421 1646 1537 1687 para
1568 1632 1769 1674 meditare
1798 1634 1947 1689 coqita.

504 1708 706 1752 Alterum
739 1716 884 1753 autem
915 1710 1207 1767 fragmentum
1240 1708 1360 1765 quod
1382 1707 1566 1751 dicimus
1599 1708 1682 1764 ipsi
1706 1707 1909 1751 Ciceroni
1941 1717 2170 1766 acceptum
2202 1711 2402 1767 refertur,

298 1786 373 1841 qui
407 1800 506 1828 cum
536 1786 599 1829 ita
631 1787 794 1830 scribat
835 1787 878 1829 in
910 1786 1172 1829 Tusculanis
1196 1787 1238 1839 3,
1261 1786 1303 1839 3,
1327 1788 1352 1828 5
1384 1793 1431 1827 at
1460 1794 1497 1827 et
1534 1786 1670 1827 morbi
1698 1787 2013 1841 perniciosiores
2038 1789 2266 1845 pluresque
2304 1798 2405 1830 sunt

297 1864 434 1906 animi
461 1878 590 1921 quam
630 1865 837 1921 corporis,-
877 1864 922 1905 hi
959 1865 1070 1905 enim
1107 1865 1196 1920 ipso
1235 1864 1369 1905 odiosi
1406 1869 1507 1904 eunt
1543 1862 1656 1919 quod
1684 1863 1745 1904 ad
1774 1864 1964 1905 ani‘nmm
1993 1866 2201 1921 pertinent
2229 1879 2403 1922 eumque

297 1940 532 1983 sollicitant
559 1942 810 1999 animusque
847 1955 987 1998 noyer,
1030 1948 1080 1983 ut
1116 1942 1181 1983 ait
1211 1940 1403 1992 Ennius,
1445 1954 1605 1997 semper
1644 1948 1762 1981 errat
1796 1954 1928 1997 neque
1952 1943 2051 1998 pati
2083 1956 2214 1998 neque
2239 1945 2405 2000 perpeti

288 2025 435 2074 potest,
468 2033 616 2076 cupere
654 2035 888 2077 numquam
920 2019 1093 2071 desinit,
1138 2016 1336 2060 videmur
1374 2016 1502 2060 nobis
1543 2017 1630 2059 leni
1663 2032 1797 2073 opera
1826 2032 1869 2060 se
1900 2017 2111 2062 addentes
2142 2026 2243 2076 post
2267 2028 2403 2077 potest

295 2101 339 2136 et
370 2095 631 2138 sententiam
661 2096 858 2152 recipere
892 2102 935 2138 et
966 2110 1242 2138 numerorum
1276 2095 1621 2136 continuitatem.

565 2172 752 2215 Animus
785 2186 916 2229 aeger
948 2186 1120 2228 semper
1151 2177 1266 2214 errat
1297 2186 1439 2226 neque
1472 2170 1563 2227 pati
1594 2186 1736 2230 neque
1767 2171 1938 2228 perpeti

703 2254 849 2305 potest
880 2264 942 2302 se,
975 2264 1135 2306 cupere
1168 2263 1403 2304 numquam
1436 2247 1607 2291 desinit.

295 2323 415 2378 Quid
459 2325 516 2368 sit
560 2325 672 2368 enim
712 2325 821 2369 illud
859 2325 978 2382 quod
1019 2324 1179 2369 dicitur
1220 2326 1389 2367 animus
1431 2339 1478 2368 se
1515 2324 1608 2381 pati
1651 2340 1739 2368 non
1778 2339 1909 2381 posse
1943 2330 1987 2367 et
2019 2314 2147 2381 quam
2180 2325 2264 2368 hoe
2295 2326 2399 2369 huic

294 2402 537 2445 sententiae
581 2403 846 2457 conveniens
888 2403 966 2456 sit,
1021 2401 1191 2445 Seneca
1229 2401 1429 2455 docebit,
1475 2402 1548 2457 qui
1588 2402 1632 2444 in
1671 2401 1944 2445 naturalibus
1993 2403 2323 2458 quaestionibus
2354 2406 2398 2457 4,

291 2479 425 2535 praef.
466 2481 487 2522 1
533 2480 698 2522 turbam
742 2481 801 2522 ait
833 2481 1048 2523 hominum
1079 2494 1300 2537 rerumque
1332 2480 1568 2521 desiderent
1596 2481 1674 2537 qui
1701 2494 1742 2520 se
1765 2480 1867 2537 pati
1903 2481 2117 2521 nemum.-
2157 2480 2231 2522 tibi
2267 2488 2396 2524 tecum

292 2559 442 2612 optime
483 2560 683 2600 convenit.
754 2558 1047 2600 Numerorum
1096 2563 1240 2599 autem
1283 2571 1421 2614 genus
1472 2555 1641 2598 accedit
1682 2555 1737 2598 ad
1777 2555 1875 2598 illos
1915 2570 1941 2597 a
1980 2555 2139 2611 quibus
2180 2557 2394 2600 canticum

289 2633 397 2675 illud
429 2633 711 2677 decantatum
742 2634 999 2691 Iphigeniae
1033 2633 1268 2675 exorditur.

563 2708 669 2753 Otio
702 2710 777 2766 qui
807 2711 951 2754 nescit
980 2710 1044 2752 uti
1075 2709 1175 2766 plus
1206 2709 1357 2766 negoti
1388 2708 1522 2752 habet

696 2802 825 2843 quam
859 2792 1001 2830 cumst
1033 2786 1258 2845 negotium
1291 2786 1334 2828 in
1366 2786 1557 2844 negotio.

489 2864 681 2907 Tantum
712 2869 796 2917 est,
829 2863 1147 2907 commilitones
1181 2863 1408 2916 carissimi,
1442 2877 1627 2919 cumque
1659 2877 1738 2904 vos
1771 2861 1827 2904 ad
1858 2862 2071 2904 lectiones
2103 2862 2389 2919 academicae,
2439 2887 2445 2892 ·

289 2956 398 2997 quas
431 2940 544 2984 infra
574 2946 851 2984 enumeratas
885 2940 1072 2994 habetis,
1112 2941 1360 2994 invitemus,
1400 2940 1486 2983 hoc
1528 2940 1654 2983 vobis
1694 2938 1959 2997 magnopere
1992 2945 2193 2983 auctores
2225 2956 2390 2997 sumus,

288 3026 337 3062 ut
357 3018 546 3062 Enniani
578 3034 734 3063 versus
765 3033 978 3061 memores
1011 3018 1089 3061 otii
1122 3024 1166 3060 et
1196 3017 1363 3074 negotii
1395 3018 1586 3061 rationes
1619 3033 1791 3075 semper
1822 3017 1947 3059 vobis
1979 3024 2180 3060 constare
2202 3019 2357 3062 velitis.

493 3112 587 3157 Scr.
621 3129 676 3156 m.
711 3113 900 3157 Octobri
930 3111 1391 3156 MDCCCLXXVII.
