2703 3485
709 654 1361 719 VNIVERSITATIS
1399 656 1978 721 LITTERARIAE

940 792 1335 844 FRIDERIGAE
1373 792 1748 846 GVILELMAE

538 930 1140 1017 RECTOR
1198 932 1379 1016 ΕΤ
1440 930 2159 1019 SENATVS.

297 1114 429 1209 Ab
450 1159 613 1213 Ennio,
646 1159 769 1202 cuius
802 1158 857 1201 de
877 1158 1038 1202 Medea
1064 1159 1263 1215 proximo
1295 1174 1411 1202 anno
1443 1158 1596 1202 eadem
1627 1160 1855 1203 occasione
1888 1159 2128 1218 eodemque
2158 1161 2258 1204 loco
2289 1176 2398 1204 non-

295 1238 417 1281 nulla
455 1236 765 1290 disseruimus,
804 1251 922 1279 nunc
961 1251 1113 1279 rursus
1160 1251 1259 1279 cum
1295 1236 1514 1279 indicibus
1553 1236 1789 1279 lectionum
1838 1237 2186 1280 academicarum
2234 1238 2397 1295 aliquid

298 1314 581 1371 praefationis
614 1327 638 1354 e
669 1313 825 1357 litteris
856 1314 1021 1369 petitae
1054 1312 1302 1355 addendum
1334 1314 1406 1366 sit,
1438 1313 1596 1370 agendi
1627 1315 1847 1370 capiemus
1878 1314 2127 1370 primordia.
2182 1314 2398 1356 Volumus

300 1391 415 1434 enim
445 1405 600 1433 versus
633 1388 846 1444 quosdam
879 1390 971 1431 eius
1003 1395 1176 1445 poetae,
1208 1405 1319 1445 quos
1342 1388 1499 1432 Cicero
1521 1390 1728 1443 servavit,
1754 1391 1828 1445 qui
1848 1390 1981 1432 Ennii
2011 1390 2139 1433 valde
2171 1390 2397 1434 studiosus

296 1475 390 1511 erat
418 1467 643 1522 multaque
676 1482 731 1508 ex
763 1466 855 1508 eius
887 1466 1011 1522 poesi
1044 1472 1251 1522 excerpta
1280 1465 1463 1508 tradidit
1493 1466 1637 1520 solus,
1676 1467 1721 1508 in
1752 1466 2116 1523 disceptationem
2146 1482 2305 1510 vocare
2336 1469 2399 1510 ita

299 1552 349 1586 ut
378 1544 507 1586 simul
539 1543 595 1584 ad
625 1544 769 1598 ipsum
801 1542 1060 1584 Ciceronem
1091 1542 1289 1584 nonnihil
1327 1543 1530 1585 utilitatis
1571 1558 1625 1584 ex
1662 1549 1813 1584 nostra
1843 1543 2139 1599 disputatione
2167 1544 2397 1586 redundet.

293 1620 450 1676 Itaque
482 1618 640 1662 Cicero
671 1619 716 1661 in
746 1618 1038 1674 pulcherrimo
1069 1618 1319 1674 prooemio,
1359 1635 1386 1661 a
1425 1634 1512 1674 quo
1554 1634 1798 1662 sermonem
1837 1618 1890 1661 de
1928 1636 1973 1662 re
2002 1619 2180 1674 publica
2213 1636 2397 1664 exorsus

296 1702 386 1750 est,
424 1701 712 1753 posteaquam
750 1694 904 1739 Aelius
941 1694 1141 1747 Tubero,
1180 1694 1332 1751 Scipio
1371 1694 1634 1749 Africanus,
1671 1694 1831 1739 Furius
1863 1694 2037 1749 Philus,
2076 1695 2171 1750 alii,
2209 1713 2395 1753 quorum

296 1773 342 1816 in
382 1789 435 1816 ea
472 1772 771 1829 disputatione
811 1778 957 1828 partes
996 1787 1093 1814 esse
1130 1771 1293 1824 voluit,
1338 1772 1463 1815 initio
1508 1778 1682 1829 sumpto
1720 1788 1746 1814 a
1781 1771 1954 1815 duobus
1996 1772 2162 1816 solibus
2201 1774 2280 1830 qui
2315 1774 2398 1817 visi

296 1849 479 1905 fuerint,
519 1848 575 1892 de
614 1849 746 1892 rebus
788 1848 1048 1892 caelestibus
1087 1847 1226 1900 deque
1258 1847 1397 1892 omnis
1427 1848 1544 1892 illius
1576 1848 1800 1892 doctrinae
1832 1848 2094 1892 sublimioris
2125 1850 2399 1906 praestantia

296 1933 341 1970 et
369 1941 452 1970 usu
492 1927 630 1971 verba
670 1927 889 1978 fecerunt,
921 1932 1015 1969 tum
1045 1925 1263 1979 Laelium,
1296 1926 1370 1982 qui
1410 1931 1564 1969 contra
1599 1927 1733 1969 sentit
1762 1925 1870 1968 nihil
1894 1922 2041 1983 'magis
2073 1926 2298 1970 hominum
2330 1928 2396 1970 in·

297 2008 462 2047 teresse
512 2019 641 2059 quam
674 2019 726 2045 ea
756 2002 868 2045 scire
901 2008 945 2045 et
976 2016 1186 2057 quaerere
1218 2016 1330 2057 quae
1362 2002 1419 2045 ad
1449 2002 1673 2046 hominum
1704 2002 1835 2045 vitam
1876 2001 2112 2059 regendam
2148 2007 2396 2058 temperan-

297 2079 486 2135 damque
517 2095 608 2122 rem
639 2079 859 2135 publicam
891 2079 1155 2134 pertineant,
1186 2078 1249 2121 ita
1279 2077 1497 2121 dicentem
1528 2080 1635 2122 facit
1666 2081 1731 2134 (1,
1756 2080 1823 2130 18,
1847 2079 1939 2133 30).
2002 2078 2105 2121 Non
2135 2080 2269 2120 audeo
2299 2080 2395 2135 qui-

296 2156 388 2198 dem
427 2156 488 2198 ad
524 2157 621 2208 ista,
660 2155 814 2212 Scipio,
857 2155 991 2197 dum-e
1030 2168 1162 2211 neque
1202 2161 1287 2197 tam
1328 2162 1363 2198 te
1392 2163 1472 2198 aut
1500 2155 1677 2198 Philum
1717 2139 2016 2212 (quaiqipilum)
2052 2162 2134 2197 aut
2161 2154 2394 2198 Manilium

298 2255 352 2262 —-
391 2256 440 2263 —
473 2232 521 2274 in
550 2231 682 2288 ipsius
708 2237 883 2287 paterno
911 2243 1059 2286 qenere
1078 2227 1175 2283 fuit
1210 2236 1347 2273 noster
1384 2230 1456 2274 ille
1484 2231 1669 2285 amicus,
1708 2217 1862 2287 dignus
1899 2229 1996 2273 kuic
2025 2230 2087 2273 ad
2122 2229 2393 2283 imitandum,

294 2303 460 2366 ‘eyreyie
490 2308 688 2351 cordatus
719 2307 850 2360 homo,
880 2314 1001 2349 catus
1022 2306 1170 2349 Aelius
1193 2305 1376 2360 Sextus,
1406 2308 1484 2365 qui
1511 2309 1668 2366 eqreqie
1697 2307 1893 2350 cordatus
1923 2314 1963 2348 et
1991 2314 2111 2350 catus
2143 2304 2391 2363 (estcautus)

285 2383 381 2437 suit
407 2393 448 2426 et
475 2385 529 2427 ab
559 2385 702 2427 Ennio
733 2385 870 2427 dictus
902 2392 985 2437 est,
1028 2398 1112 2425 non
1141 2384 1255 2441 quod
1285 2398 1334 2425 ea
1368 2386 1615 2442 quaerebat,
1654 2399 1761 2442 quae
1795 2399 2027 2441 numquam
2065 2385 2393 2441 (quemnuquam

295 2476 351 2502 m.
373 2463 462 2518 pr.)
492 2464 711 2515 inveniret,
741 2463 815 2504 sed
842 2462 956 2519 quod
986 2476 1034 2503 ea
1065 2461 1355 2518 respondebat,
1371 2477 1494 2519 quae
1525 2477 1590 2504 eos
1619 2464 1696 2519 qui
1723 2463 1980 2519 quaesissent
2026 2469 2066 2503 et
2101 2476 2207 2504 cura
2246 2469 2286 2503 et
2321 2476 2391 2503 ne-

294 2540 405 2594 qotio
436 2540 650 2592 solverent,
689 2540 840 2596 cuique
871 2546 1015 2582 contra
1050 2536 1172 2582 Galli
1207 2539 1349 2581 studia
1382 2539 1542 2594 (studio
1572 2555 1629 2581 m.
1652 2540 1738 2595 pr.)
1772 2539 2007 2594 disputanti
2043 2539 2091 2579 in
2129 2553 2199 2580 ore
2235 2552 2394 2595 semper

294 2623 386 2656 erat
412 2617 492 2658 illa
524 2617 574 2658 de
604 2615 781 2672 Ifiyenia
812 2616 1000 2658 Achilles
1029 2612 1344 2671 ‘astroloqorum
1373 2617 1496 2672 siyna
1535 2617 1583 2657 in
1613 2616 1726 2657 caelo
1756 2616 1862 2672 quid
1890 2617 1945 2656 sit
1973 2615 2266 2657 observationis
2296 2630 2393 2656 cum

296 2706 430 2757 capra
469 2702 550 2736 aut
585 2709 693 2751 nepa
733 2701 813 2735 aut
849 2694 1034 2735 exoritur
1073 2707 1223 2735 nomen
1261 2693 1437 2750 aliquod
1477 2693 1715 2735 beluarum:
1753 2692 1867 2749 quod
1902 2700 1962 2733 est
1999 2699 2096 2733 ante
2125 2692 2248 2749 pedes
2277 2707 2394 2734 nemo

297 2775 465 2824 spectat,
498 2771 606 2812 caeli
624 2777 873 2812 scrutantur
900 2768 1078 2826 playas?
1106 2777 1231 2826 atque
1260 2770 1385 2823 idem,
1415 2771 1595 2811 ocultum
1614 2770 1724 2810 enim
1754 2769 1877 2810 illum
1897 2768 2120 2810 audiebam
2149 2776 2188 2809 et
2208 2769 2394 2822 libenter,

295 2844 474 2886 Zethum
504 2847 627 2889 illum
656 2847 826 2889 Pacuvi
862 2847 989 2888 nimis
1027 2848 1248 2888 inimicum
1287 2847 1503 2888 doctrinae
1531 2860 1613 2887 esse
1644 2844 1826 2897 dicebat,
1868 2846 2003 2901 niayis
2038 2859 2133 2886 eum
2164 2845 2398 2887 delectabat

294 2919 586 2978 Neoptolemus
631 2923 752 2965 Enni
787 2924 865 2980 qui
901 2912 1145 2980 (Enniqui)
1189 2937 1231 2964 se
1266 2924 1332 2964 ait
1365 2921 1581 2977 filosofam‘
1622 2921 1720 2963 velle
1764 2930 1825 2962 set
1864 2923 2041 2978 paucis,
2077 2937 2181 2964 nam
2230 2924 2396 2965 omnino

2060 2998 2118 3047 l}
